4912 7360
1146 880 4315 1067 252. -1799. A bow said to be made of a bone from East Indies given
1934 1065 3038 1186 to me by Mr. Amyand
1098 1214 3089 1365 252. -1800. Arrows from the same. Id.
1110 1304 4345 1509 245. -1801. A trumpet from Norway made of 2 pieces of wood about 5 foot
1432 1524 4393 1676 long in form of a trumpet fastened by birch tree bark from Mr. Theobalds.
1377 1709 2829 1817 -1802. A Chinese womans shoe.
1355 1817 4273 1951 -1803. A chinese womans girdle wt. her handkerchiefs & purses.
1080 1972 3289 2112 245. -1804. A Chinese tobacco pipe
1338 2121 3456 2268 1805. A chinese scratcher wt. a handle & hand.
2733 2247 2936 2303 blew
1291 2300 4363 2441 -1806. Large severall figured pieces of glasse taken from the bottom of the fire
1331 2456 3384 2577 30 C place of a furnace given me by Mr. Roberts.
1179 2617 4417 2732 199 -1807. A leather boracho or bottle wherein is carried wine on
1426 2778 1665 2840 19 N
1731 2790 2954 2876 a journey wt. a wooden
3362 2790 4441 2911 stopple & a horn mouth
1725 2957 4429 3097 to drink out of it. from Mr. Mc. Cormick a surgeon who
1707 3136 2865 3222 brought it from Lisbon.
2297 3232 2614 3288 spike or
1333 3321 4321 3431 -1808. An arteficiall spike or ear of barley made of wire by the nuns
1766 3464 3127 3580 at Lisbone from the same
1862 3542 2041 3592 weapon
1343 3602 4315 3741 -1809. A dagger wt. wch. the Malayese run a muck in Malacca made
1689 3775 4351 3896 of 2 antelopes horns shed at both ends wt. iron given to me
1719 3966 2292 4034 by  Dr. Stuart.
1420 4187 4369 4290 1810. A sort of glew used in medicine of wch. de Halde hath given an acct. in his
1408 4342 1790 4398 26. Cab.
1886 4378 2441 4452 books  of China.
1462 4503 4447 4595 1811.  pebble of a yellowish colour on wch. are painted sevll. heads from Maukia.
1874 4640 2154 4702 leather
1408 4718 3900 4816 1812. A small bottle from Lisbon so elastick as when the air is
4182 4772 4381 4840 out
2322 4807 2680 4875 part screwd of made of
1474 4867 3187 4941 27 to fill its  selfe wt. water the upper made of
3509 4879 4447 4959 from Brasile. It is used
2095 4951 2775 5007 the upper pt. screwd on
1707 4998 4453 5096 to squirt water in Carnevale times by frollicksom people. Glister pipes
1748 5124 3044 5216 are made of it. from Mr. Mc. Cormick.
1295 5297 4375 5407 199 -1813. A sheet of white paper 21 foot long & 4 1/2 broad from China
1945 5434 2626 5496 by Mr. Hodsun.
1478 5548 3456 5663 -1814. A pair of grown womans shoe Id.
1474 5763 3647 5914 -1815. A tinder box wt. tinder from the same.
1472 5912 4273 6081 -1816. Sticks for cleaning the teeth from Guinea by Mr. Launce.
1516 6085 4512 6266 -1817. A fetish shell worn abt. the ancles of the Gaders at Drownd Id. lphoadghs.
1563 6216 4447 6409 -1818. Area mine pro callgrid used by the Indians brazed on a stove
1928 6336 4405 6499 wt water for sore eyes in Malabar given me by ____
1731 6437 4387 6600 -1819. A hollow trunk canes & spears of wood for fishing ? from a England.
1195 6427 1604 6549 XLIX.
