4912 7360
1368 587 4279 777 CL -1820. A very large bow & arrows from New England by
2154 754 4291 900 Capt. Walker. Fleches d'Amerique Biron
1477 838 1725 916 244
2984 850 3378 918 p. 279.
1999 999 3175 1151 Another different. Id.
1283 1124 1910 1282 CLI. -1821.
1504 1238 1898 1365 244 C. <
1689 1286 4261 1521 -1822 A large flat roundish earthen ware Jarr of an
2184 1489 4208 1629 ash colour made by the Indians at
1211 1560 1641 1640 CLXII.
1981 1692 4285 1849 Berbices near Surinam befor the coming
2017 1871 4250 1980 of the Europeans into the West Indies from
2047 2085 2745 2177 Capt. Walker.
1665 2253 4285 2380 -1823. An Indian womans flapp , wt. beads which wch.
1661 2396 4291 2541 199. e. they wear befor them having no cloaths in
2035 2569 3796 2709 hott countrys. Id. from Surinam.
1092 2748 3444 2905 O. 245 -1824. Two Indian tobacco pipes Id.
2793 2999 3647 3061 black & white . Id.
1599 3064 1993 3201 -1825
1217 3076 1546 3150 245
1677 3297 4417 3377 -1826. Indian hatchett of a dark nephritick stone thought
1303 3327 1602 3455 245.
1492 3446 1641 3508 a
2017 3470 2721 3538 to be hammers.
3486 3512 4333 3580 wt. white veins. Id.
1665 3632 1981 3693 -1827.
1471 3739 4339 3965 238. -1828. A Calabash carved by the Indians in imitation of
1199 3864 1438 3926 XIII
2148 3978 3390 4046 a scull wt. its sutures. Id.
3426 4115 4458 4189 for making spoons of
1683 4151 3342 4231 -1829. A small carved calabash. Id.
1647 4306 3868 4446 -1830. A Capashears knife from Guinea. Id. S. B
1301 4419 4369 4714 245. -1831. A piece of some instrument of musick found at Meriat.
1892 4652 4375 4816 hope near Bristol in some plowed land on a spott where
1904 4790 4339 4935 King Philipp lived & undoubtedly was made befor any
1506 4792 1615 4857 28
1904 4945 4357 5060 tools were invented there gave me by Isaac Waldron Esqr
1886 5112 3384 5204 Bristol March. 19. 1735/6 Id.
1653 5345 3742 5413 -1832. A piece of wood  representing a Negro
1922 5494 2566 5568 boys head. Id.
1343 5643 2859 5729 -1833. A Guinea spoon. Id.
1663 5822 4315 5908 -1834. A bullet lodged in a spruce fur tree grown out &
1969 5971 3068 6075 found in a ships mast. Id.
1677 6091 4375 6206 -1835. An Indian Stone pestle to beat in  a wooden trough made
1951 6192 4375 6332 of wood burnt & hollowed by their hatchets) Indian corn
1969 6342 4285 6571 to make Rocelure belong'd to Abraham Waldron?
