4912 7360
1657 575 4315 751 -1836. A small Indian basket made of black white & orange
2059 725 4053 834 coloured shavings or splinters of wood. Id.
1658 868 4238 1079 -1837. An Japan pagoda wt. the Idol standing on a flower &c
1665 1115 1905 1186 26
2146 999 3837 1151 lacquer shrine with folding doors. figure in
4009 1051 4244 1133 H 7 1/2
1384 1160 1605 1234 246
1307 1244 4351 1395 244 -1838. A bolt made of unicorns horn on wch. are rudely engraved
2656 1327 2924 1383 fastened
2011 1423 4285 1545 boats canoes &c. wt. a cord fish skin - From Hudsons Bay
1611 1465 1886 1556 28 C
2041 1566 2847 1652 by Mr. Edwards.
1671 1829 2692 1941 -1839. A lesser one Id
1666 2050 4041 2165 -1841. An ornament to be hung before the breast. Id.
1715 2294 3444 2374 -1840. A childs spoon made of horn. Id.
1421 2389 1533 2439 245
1570 2402 1760 2458 19. O
1217 2462 4327 2655 < 226 -1842. A piece of wood to cover the eyes & part of the
1629 2617 4363 2840 28. C. nose to be fastened to the head by beaver straps
2125 2790 4339 2900 wt. 2 chinks in the wood to see through. Id
1241 3142 4261 3294 244. -1843. A necklace made of a sweet smelling grasse from
1951 3315 4303 3401 Hudsons bay by the natives who have of them
1951 3524 4327 3616 made into bracelets by Dr. Massy an cyperus or
1981 3697 4148 3789 Gr. Mariæ an for ornament or remedy?
1611 3942 4333 4034 -1844. A fisgegg from Hudsons bay to catch salmon made of
1886 4193 4393 4272 two long bearded bones sett at the end of a sharp wo-
1713 4354 4261 4475 oden pole all fastened wt. fish gutts. from  Mr. Edwards.
1593 4694 4369 4804 -1845. A stick made of the sorrell tree in Carolina painted
1928 4897 3694 4971 wt. brown lines. from Mr. Collinson.
1683 5160 4232 5257 -1846. A dagger of a beryll sett in a wooden haft from Canada
1415 5231 1696 5320 28. C.
1743 5249 3503 5353 Vid. Aldrovand. Mus. Metall. p 157.
1599 5398 4345 5472 -1847. An odd figured punch ladle made of yew wood by  Monsr.
1963 5566 3742 5639 Gosset in Ireland & given to me by him.
1671 5673 4363 5818 -1848. A snuff pan wt. a point at the end for clearing the snuff box
2083 5870 3462 5974 of the same wood spotted . Id
1647 5983 3480 6129 -1849. An extinguisher of the same. Id.
1689 6174 2584 6278 -1850. Vid. Antiq. 781.
1689 6365 4279 6457 -1851. A china whitish tea dish wt. the gold fish painted on it from Dr.
2292 6497 2811 6583 Mortimer
