4912 7360
728 830 1088 960 252
1214 832 3198 1022 25. The same headed with a hollow
3838 911 3908 963 5
1584 1074 3100 1214 horn to make a noise in
1598 1244 2800 1402 flying throa the air.
3701 1409 3910 1485 X
842 1546 3260 1684 252 26. An ordinary arrow an of Turky.
886 1856 3238 1996 226. 27. An Indian fan for cooling the
732 2012 920 2140 B <
1802 2042 2060 2162 air?
650 2328 1914 2470 B< 226. 28. Another.
854 2733 1108 2805 245
1108 2685 3219 2839 29. A Targett painted over, & as it
1149 2895 1318 2996 199.
1602 2904 2780 3060 were emboss'd, ovall.
884 3250 3566 3504 252 30. A Targett of Manati hide, round. X
898 3556 2508 3738 226. 31. A fann of Straw.
876 3818 2668 4026 246. 32. A straw or bent cap.
1214 3945 1254 4025 19 W
840 4103 3272 4291 33 A small common arrow, used in China
1584 4216 2360 4354 wt. the crossbow.
2520 4286 3092 4379 (put into No. 710.)
852 4329 1834 4442 245 34. Another.
878 4494 1846 4656 245 35. Another.
830 4736 3156 4872 226. 36. A brush of the fibrous roots of
840 4974 3188 5126 252. 37. Indian waved or flaming dagger
3676 5080 4059 5163 0. 8. 0
1636 5136 3084 5268 with a horn handle 4th
878 5416 3248 5596 245. 38. The same larger with a fish
1728 5646 2466 5772 skin handle.
942 5872 3312 6078 245. 39. A double branch'd head of a Spear
1642 6026 2586 6156 flam'd or waved.
872 6264 3310 6424 252 40. A Highland Scotch Sken or dagger
1592 6398 2500 6506 wt. a wooden haft.
2694 6532 3178 6648 bone haft.
