4912 7360
650 1757 4035 1861 Les maisons des particuliers, vont construites dans un certain
668 1936 4011 2034 ordre d'architecture qui leur est propre. Le qui surprend,
680 2109 4029 2231 c' est qu'ils n'ont point d'autre outil que des haches de
668 2324 3736 2416 pierre pour couper le bois, & le mettre en œu œuvre.
638 2497 3718 2595 Lettres Edifiantes XXV. Recueil page. 124. Paraguay
662 2700 2220 2774 P. Jean Patrice Fernandez
658 2822 758 2881 5a
596 3285 3838 3377 enim terra nihil profert, quia non est Stercorata. Nic.
584 3441 2339 3544 Durand of Paraquaria p. 163.
