4912 7360
1623 665 4226 816 -1852. A tobacco pouch or purse made of maiz & some
2053 838 4285 948 tinsel ribbon in wch. are pipes made of tobacco
1396 933 1546 1007 25.
1677 975 1868 1037 199. e
2035 1005 4238 1121 cutt small for smoking inclosed in small tubuli
1665 1184 1934 1246 163.
2059 1184 4250 1282 made of the covering or spathe of the maiz
1312 1324 1467 1430 X
2077 1357 4267 1455 seeds. From  Mr. Gordon who had it from
2113 1548 2602 1610 Mexico.
1707 1692 4369 1819 -1853. Whole leaves of tobacco rouled up for smoking
1540 1894 1689 1950 25
2095 1894 4291 1986 to both those silver pipes are adjusted
2107 2062 4333 2159 sometimes for holding them during the time
1731 2068 1975 2130 163.
1641 2193 1844 2255 209
2113 2265 3038 2332 of smoking Id.
1468 2539 4208 2625 201 -1854. Artificiall phalenae leaves &c. made in China for
2053 2694 3259 2756 wearing in the hair.
1217 2844 4232 2971 199 e -1855 Two pendants , a ring & some pyrites of wch. they are
2107 3011 3593 3085 made from the Spanish W. Indies.
2446 3242 2563 3305 Boots
1671 3387 4345 3556 -1856. Stocking Shoes wt. a great top such as fisherman use made
2011 3517 2220 3582 Deer
1372 3536 1765 3608 CCXVI
1916 3584 4136 3670 of whale or fish skins from Hudsons bay by Dr. Massy.
1677 3852 4339 4075 -1857. A crese or Indian dagger used by the Malays in a wooden
2011 4002 4339 4183 Scabbard and an ebony handle in laid wt. gold plates. from Dr.
2053 4264 2357 4314 Douce.
1737 4336 4178 4577 -1858. An E. India hubble buble for cooling of wine &c wt.
1951 4664 2405 4738 the bottle.
1665 4766 2929 4947 -1859. The Duke of Bourbonsmedal
3334 4670 4273 4780 in gold in a blew chagrin
2089 4885 3366 5037 case given by himselfe to me
1754 5064 4333 5281 -1860 A small coconut carvd wt. a peacock, spread eagle, heart &c.
2017 5207 4250 5448 Soi de Leonor, sister to Philip. 2d. of Spaine set in gold-
2047 5494 2548 5574 philagreen.
1748 5494 4321 5789 -1861 A gold snuff box curiously embossd wt. - sorts of alloy as the
2029 5649 4375 5890 Nurinberg gold of the magistrates of that city given
2035 5894 4100 6027 to me by Mrs. Edwards. enter'd by mistake
2065 6025 3688 6123 given by Sr. Hans to me J Empson.
1802 6162 4405 6308 -1862 A gold snuffe box wt. a bloodstone top & enameld picture of Ld Sondes
2023 6312 4399 6421 on the inside by Mr. Zink curiously graved & embossd given to me by
2059 6461 2544 6542 Lady Sondes.
2853 6491 4136 6559 enter'd by mistake
