4912 7360
698 824 2460 993 k 245. 42. An Ebony handle.
3880 885 3959 935 6
724 1027 801 1081 ✓
776 1119 3428 1263 245. 43. An Indian hatchett sett in wood
3428 1163 3706 1267 S. B
984 1271 1100 1377 a
3588 1320 4032 1461 0. 5. 0.
1502 1324 3474 1477 It is a greenish stone or lapis
1530 1524 3970 1705 nephriticus & Aldrovand Mus. Metall. p. 158.
1514 1673 2782 1784 Dampier Voy vol 1. P. 85
1404 1862 3260 2013 b 245. 44. An ivory hollow case for the penis.
1550 2102 3206 2247 It is used in Guinea by the
1546 2296 3144 2439 Negros when they travell in
3518 2471 3742 2551 X
1562 2486 3214 2627 the woods putting the penis
1548 2662 3250 2823 into it & it into their girdles
1550 2858 3218 3035 to keep that part from being
1568 3060 2692 3209 hurt by the thorns.
1320 3324 3280 3469 -45. A ladle made of a Calabash for
801 3389 1063 3454 238.
1596 3540 3324 3677 taking water from the Jarrs, made
1660 3720 3144 3869 by the Indians, in Jamaica.
1284 4030 3198 4211 -46. A cup made of the same the
888 4112 1096 4233 238.
1572 4242 3312 4401 rind being tinctured reddish
794 4512 882 4637 245.
1362 4508 3402 4668 -47. A Chinese organ made of pipes X
3286 4680 4050 4830 Vid de Hald. tom 3.
1710 4734 3266 4856 of cane of severall lengths.
1552 4844 4132 5001 Page. 267. Flutes compose de plusieurs tuyaux
1480 4940 3284 5129 a quelque rapport a notre argue.
1214 5063 2302 5177 245. -48. A Virginia belt.
1364 5185 1416 5283 19 J
1420 5294 2512 5431 -49 The same with 24:
1238 5496 2978 5639 252. -50. A Cane arrow headed wt. Iron.
768 5724 3262 5903 252. -51. The same with a different flatt head.
752 5959 2300 6117 252. -52. A Turkish bow.
1150 6196 3390 6351 -53. A clyster pipe with what necessary
3704 6344 4068 6473 0. 7. 6.
1180 6403 1433 6470 20 L.
1556 6416 3254 6538 for the giving ones selfe a tobacco
1686 6553 1998 6653 cluster.
