4912 7360
1557 796 1854 894 199 e
2004 623 4405 825 -1863. A Chinese womans shoe brought from there by Mr.
2268 772 3844 972 Styleman given me by his wife
1962 939 4142 1172 -1864. A pair of gloves belong'd to the same woman.
1581 1357 1767 1413 25
1957 1124 4351 1394 -1865. A case wherein is a knife, fork, ear picker &
1963 1433 2216 1503 199. C.
2311 1315 3593 1479 ear tickles from the Same.
1444 1590 1767 1646 A.W.F. 1853
1767 1590 1954 1640 163
1954 1477 4387 1640 -1866. A rice or Alabaster box wt. a Chinese picture on it.
1611 1626 2483 1757 Steatite. in form of a seated figure
1575 1721 2384 1831 wh: forms lid. low relief. L. 2 5/8.
2384 1674 2906 1771 by  Mr. Bell.
2853 1674 3420 1845 Hudsons bay or
2065 1739 4453 1974 1867. A Canoa from Greenland wt. some instruments belonging
2429 1871 3844 2124 to it. given to me by  Capt. Midleton.
2011 2032 4363 2392 -1868. A pair of shoes made of fish skin belonging to the-
1916 2492 2178 2559 20 S.
2365 2271 3665 2523 Inhabitants of that Countrey
2029 2515 4470 2750 -1869. A box containing the sevll. sorts of foyles to be used
1383 2636 1502 2726 X
2226 2700 4488 2894 in setting under I wells or pretious stones or chrystalls, &
1707 2742 1868 2804 216
1921 2851 2175 2933 27 C
2220 2897 4512 3067 glasse to counter feit them given to me by Mr. Hoofnail
2256 3106 4082 3240 in fountain court in the strand Jeweller.
1957 3285 4405 3371 -1870. A snuff box made of a Bergamot orange rind.
2841 3446 4363 3508 by Mrs. Hepheshebah Parker near Croydon
2035 3554 4429 3640 -1871. A pincushion made of sevll. coloured silks & Brocade &
2214 3703 4506 3783 sowed wt. the silks of the same colour by her who had great
1843 3783 2072 3852 216 d
2232 3840 4464 3938 convulsions in the small pox & lost her sight by them
2262 3996 4453 4075 Being her physitian I have seen strange convulsions on
1886 4002 2113 4075 29 a
2280 4157 4476 4249 her temples wch. would rise to a great heighth in them
2262 4282 4435 4374 I had sevll. letters from her wrote in her own hand wch.
2280 4413 4464 4487 was a good one. When I tryed her wt. silks of sevll. colours
2268 4551 4453 4643 she never miss'd telling me their true colours by tasting &
2250 4676 4530 4774 smelling to them. The same she would tell of the sevll. colours
2244 4813 4458 4905 by tasting & then smelling to them. I tryed her wt a flour of
2238 4951 4423 5042 bellis minor from my garden wch had white & red petals
2238 5082 4411 5180 & by tasting & smelling to ym. she declard their sevll. colours.
1760 5303 3850 5413 -1872. Sal Lactis vaccini chrystallini from Dr. Labe.
4147 5285 4470 5353 use of in
2107 5440 4130 5526 consumptions Hectics &c. the medicine is dear.
1812 5458 1999 5521 19 k
1563 5566 4357 5741 216 d -1873. Doses of a lunarg provider of one grain to vomit wt. a lump of
2238 5733 4226 5854 solary for the same purpose likely vitium antimon.
1819 5894 4172 6027 -1874. Powder of Mrs. Stephens for dissolving the stones?
1844 6043 4148 6159 -1875. Serpentine Stone great button for tying the bretches
1563 6228 1740 6284 20
1795 6216 2877 6284 -1876. Maiden pipes. Pet.
1590 6411 1847 6481 25
1847 6324 4453 6469 1877. Moxa a sort of down taken off an herb like a Artemisia wch. they use for
4284 6411 4369 6478 the
2930 6449 4464 6600 Indies by burning it on the place affected. wt. pustules.
2054 6478 2853 6594 the cure of the gout in the E
