4912 7360
2011 599 3515 751 -1878. A Brasse small crucifix.
1677 760 1844 816 216 d
1975 898 4453 1109 -1879. Sevll. religious figures Carvd in ivory in sevll.
1868 1089 4548 1276 29 b. compartmts. in a long plate likely belonging to some
1605 1219 1854 1299 216 d
2202 1339 2692 1395 chappell.
1683 1453 4512 1652 161. -1880. Æsculapius & Hygiena incisd in a Chrystall wt. a-
1453 1510 1631 1627 X
2262 1638 4458 1777 looking glasse plate behind it making it look-
2274 1817 4512 1921 embossd given to me by Mr. Pycolas & made by Vale.
2292 2032 2638 2100 Vicor.
1922 2115 4220 2387 -1881. White paint from. China? Sope of Melo?
1605 2635 1782 2709 216
1951 2366 4470 2632 -1882. A Chinese printing letter in white earthen ware.
1927 2700 3629 2894 -1883 A pr of chinese nippers. 209
1957 2981 4429 3103 1884. The largest wampumbeg necklace or money from N
1671 3142 2005 3198 199 e
2316 3202 2984 3264 England. white.
2002 3339 3803 3461 1885. The midling sized white & black.
1964 3497 3790 3592 1886. A lesser sort black & white 209.
1402 3632 1665 3705 199 e
1928 3655 3432 3717 1887. The least sort all white.
1964 3834 4411 3962 1888. A necklace of blew hollow four square glasse long pieces
2369 3954 3223 4034 or for an armilla.
1725 4085 4441 4249 1613 -1889. Beads or pater nosters for use in prayers made of the
2333 4246 3360 4326 seeds of Canna Indica.
1999 4461 4518 4541 1890. A necklace of Brown conche veneris wt. false pearl between
2244 4593 3868 4690 & short strings to hang on the neck.
2009 4730 4506 4816 1891. Short strings to hang over the breast of white Concha
2435 4879 2751 4941 Veneris.
1951 4879 4500 5090 -1892. A modell of the green diamond brought from the diamond
4122 4988 4285 5062 40.000?
2214 5022 4399 5210 mines in Golconda by Marcus Moses valued at 20000.
1933 5201 4494 5395 -1893. A sphericall body made up of Black yellow & red wax & one
1458 5203 1592 5302 X
1904 5446 2174 5501 20 M.
2234 5410 4053 5532 made for taking of impressions of seals. (Paste.)
1966 5601 3283 5679 -1894. Black glasse or enamel.
1960 5727 3945 5860 -1895. Wax naked figures in filbert shells. Pet
2019 5977 4494 6081 1896. Elfs arrows from Scotland arrowheads an silex veratule forma
2417 6133 3109 6206 Worm mus. P. 85.
1992 6223 3527 6356 -1897. A piece of glasse of various colours.
1898 6371 4375 6511 1898. A bead made of a various coloured palm fruit. 209.
