<?xml version="1.0" encoding="UTF-8" standalone="yes"?>
<PcGts xmlns="http://schema.primaresearch.org/PAGE/gts/pagecontent/2013-07-15" xmlns:xsi="http://www.w3.org/2001/XMLSchema-instance" xsi:schemaLocation="http://schema.primaresearch.org/PAGE/gts/pagecontent/2013-07-15 http://schema.primaresearch.org/PAGE/gts/pagecontent/2013-07-15/pagecontent.xsd">
    <Metadata>
        <Creator>Transkribus</Creator>
        <Created>2023-03-11T16:12:49.226Z</Created>
        <LastChange>2023-04-13T11:11:30.195+02:00</LastChange>
        <TranskribusMetadata docId="1360439" pageId="53217509" pageNr="16" tsid="118421160" status="GT" userId="10603" imgUrl="https://files.transkribus.eu/Get?id=CADIMSZIRMVGYCPODSLFLLSX&amp;fileType=view" xmlUrl="https://files.transkribus.eu/Get?id=DLGYVXCONXRKXGICQBOKJHLW" imageId="43210541"/>
    </Metadata>
    <Page imageFilename="0016_EPF108491008v.tif" imageWidth="4912" imageHeight="7360">
        <ReadingOrder>
            <OrderedGroup id="ro_1717685694567" caption="Regions reading order">
                <RegionRefIndexed index="0" regionRef="tr_3"/>
                <RegionRefIndexed index="1" regionRef="tr_1"/>
                <RegionRefIndexed index="2" regionRef="tr_5"/>
                <RegionRefIndexed index="3" regionRef="tr_4"/>
                <RegionRefIndexed index="4" regionRef="tr_2"/>
                <RegionRefIndexed index="5" regionRef="tr_6"/>
            </OrderedGroup>
        </ReadingOrder>
        <TextRegion id="tr_3" custom="readingOrder {index:0;}">
            <Coords points="1725,582 4554,582 4554,1615 1725,1615"/>
            <TextLine id="line_1678907596371_790" custom="readingOrder {index:0;}">
                <Coords points="2013,711 2089,701 2178,695 2268,689 2357,671 2447,665 2536,659 2626,647 2715,641 2805,629 2895,623 2984,611 3074,611 3163,605 3253,599 3342,587 3611,587 3611,637 3342,637 3253,649 3163,655 3074,661 2984,661 2895,673 2805,679 2715,691 2626,697 2536,709 2447,715 2357,721 2268,739 2178,745 2089,751 2013,761"/>
                <Baseline points="2013,756 2089,746 2178,740 2268,734 2357,716 2447,710 2536,704 2626,692 2715,686 2805,674 2895,668 2984,656 3074,656 3163,650 3253,644 3342,632 3432,632 3521,632 3611,632"/>
                <TextEquiv>
                    <Unicode>1899. A head cutt on a plum b stone 209.</Unicode>
                </TextEquiv>
            </TextLine>
            <TextLine id="tr_3_tl_2" custom="readingOrder {index:1;}">
                <Coords points="1766,856 1856,862 1916,856 1916,906 1856,912 1766,906"/>
                <Baseline points="1766,901 1856,907 1916,901"/>
                <TextEquiv>
                    <Unicode>209</Unicode>
                </TextEquiv>
            </TextLine>
            <TextLine id="line_1678907690865_829" custom="readingOrder {index:2;}">
                <Coords points="1725,1041 1778,1035 1868,1041 1917,1027 1917,1077 1868,1091 1778,1085 1725,1091"/>
                <Baseline points="1725,1086 1778,1080 1868,1086 1917,1072"/>
                <TextEquiv>
                    <Unicode>189 </Unicode>
                </TextEquiv>
            </TextLine>
            <TextLine id="line_1678907695393_833" custom="readingOrder {index:3;}">
                <Coords points="2233,1010 2316,999 2405,993 2495,981 2584,969 2674,957 2763,939 2853,922 2942,922 3032,910 3121,910 3211,898 3300,898 3390,892 3480,886 3927,886 4017,898 4106,904 4196,916 4285,927 4375,951 4464,963 4554,975 4554,1025 4464,1013 4375,1001 4285,977 4196,966 4106,954 4017,948 3927,936 3480,936 3390,942 3300,948 3211,948 3121,960 3032,960 2942,972 2853,972 2763,989 2674,1007 2584,1019 2495,1031 2405,1043 2316,1049 2233,1060"/>
                <Baseline points="2233,1055 2316,1044 2405,1038 2495,1026 2584,1014 2674,1002 2763,984 2853,967 2942,967 3032,955 3121,955 3211,943 3300,943 3390,937 3480,931 3569,931 3659,931 3748,931 3838,931 3927,931 4017,943 4106,949 4196,961 4285,972 4375,996 4464,1008 4554,1020"/>
                <TextEquiv>
                    <Unicode>A piece of 8 taken up from the Spainish wreckd galeon</Unicode>
                </TextEquiv>
            </TextLine>
            <TextLine id="tr_3_tl_4" custom="readingOrder {index:4;}">
                <Coords points="2316,1166 2375,1160 2465,1154 2554,1148 2644,1136 2733,1124 2823,1118 2912,1113 3002,1113 3092,1107 3181,1107 3271,1101 3360,1089 3450,1077 3539,1071 3629,1065 3718,1065 3808,1065 3897,1071 3987,1071 4076,1083 4166,1089 4256,1095 4345,1107 4435,1118 4524,1118 4524,1168 4435,1168 4345,1157 4256,1145 4166,1139 4076,1133 3987,1121 3897,1121 3808,1115 3718,1115 3629,1115 3539,1121 3450,1127 3360,1139 3271,1151 3181,1157 3092,1157 3002,1163 2912,1163 2823,1168 2733,1174 2644,1186 2554,1198 2465,1204 2375,1210 2316,1216"/>
                <Baseline points="2316,1211 2375,1205 2465,1199 2554,1193 2644,1181 2733,1169 2823,1163 2912,1158 3002,1158 3092,1152 3181,1152 3271,1146 3360,1134 3450,1122 3539,1116 3629,1110 3718,1110 3808,1110 3897,1116 3987,1116 4076,1128 4166,1134 4256,1140 4345,1152 4435,1163 4524,1163"/>
                <TextEquiv>
                    <Unicode>on the N. side of Espanola covered wt. worm shells &amp; </Unicode>
                </TextEquiv>
            </TextLine>
            <TextLine id="tr_3_tl_5" custom="readingOrder {index:5;}">
                <Coords points="2327,1321 2381,1315 2471,1304 2560,1304 2650,1298 2739,1292 2829,1274 2918,1268 3008,1262 3098,1262 3187,1250 3277,1244 3366,1238 3456,1232 3456,1282 3366,1288 3277,1294 3187,1300 3098,1312 3008,1312 2918,1318 2829,1324 2739,1342 2650,1348 2560,1354 2471,1354 2381,1365 2327,1371"/>
                <Baseline points="2327,1366 2381,1360 2471,1349 2560,1349 2650,1343 2739,1337 2829,1319 2918,1313 3008,1307 3098,1307 3187,1295 3277,1289 3366,1283 3456,1277"/>
                <TextEquiv>
                    <Unicode>corallin matter all over.</Unicode>
                </TextEquiv>
            </TextLine>
            <TextLine id="line_1678907828761_855" custom="readingOrder {index:6;}">
                <Coords points="1731,1560 1832,1560 1922,1542 1951,1537 1951,1587 1922,1592 1832,1610 1731,1610"/>
                <Baseline points="1731,1605 1743,1605 1832,1605 1922,1587 1951,1582"/>
                <TextEquiv>
                    <Unicode>189 </Unicode>
                </TextEquiv>
            </TextLine>
            <TextLine id="line_1678907832449_859" custom="readingOrder {index:7;}">
                <Coords points="2250,1510 2274,1506 2363,1495 2453,1489 2542,1477 2632,1471 2721,1465 2811,1459 2901,1447 2990,1441 3080,1435 3169,1423 3259,1411 3348,1405 3438,1399 3527,1393 3617,1387 3706,1381 3796,1381 3885,1387 3975,1387 4065,1393 4154,1405 4244,1411 4333,1417 4423,1411 4423,1461 4333,1467 4244,1461 4154,1455 4065,1443 3975,1437 3885,1437 3796,1431 3706,1431 3617,1437 3527,1443 3438,1449 3348,1455 3259,1461 3169,1473 3080,1485 2990,1491 2901,1497 2811,1509 2721,1515 2632,1521 2542,1527 2453,1539 2363,1545 2274,1556 2250,1560"/>
                <Baseline points="2250,1555 2274,1551 2363,1540 2453,1534 2542,1522 2632,1516 2721,1510 2811,1504 2901,1492 2990,1486 3080,1480 3169,1468 3259,1456 3348,1450 3438,1444 3527,1438 3617,1432 3706,1426 3796,1426 3885,1432 3975,1432 4065,1438 4154,1450 4244,1456 4333,1462 4423,1456"/>
                <TextEquiv>
                    <Unicode>A Spanish piece calld a quartillo found in Jama.</Unicode>
                </TextEquiv>
            </TextLine>
            <TextEquiv>
                <Unicode>1899. A head cutt on a plum b stone 209.&#13;
209&#13;
189 &#13;
A piece of 8 taken up from the Spainish wreckd galeon&#13;
on the N. side of Espanola covered wt. worm shells &amp; &#13;
corallin matter all over.&#13;
189 &#13;
A Spanish piece calld a quartillo found in Jama.</Unicode>
            </TextEquiv>
        </TextRegion>
        <TextRegion id="tr_1" custom="readingOrder {index:1;}">
            <Coords points="1725,1633 4548,1633 4548,2493 1725,2493"/>
            <TextLine id="tr_1_tl_1" custom="readingOrder {index:0;}">
                <Coords points="2662,1692 2745,1692 2835,1686 2924,1686 3014,1680 3103,1680 3193,1668 3283,1662 3372,1656 3462,1644 3551,1638 3641,1638 3730,1638 3820,1638 3909,1644 3999,1650 4088,1656 4178,1662 4267,1674 4357,1680 4447,1686 4536,1686 4536,1736 4447,1736 4357,1730 4267,1724 4178,1712 4088,1706 3999,1700 3909,1694 3820,1688 3730,1688 3641,1688 3551,1688 3462,1694 3372,1706 3283,1712 3193,1718 3103,1730 3014,1730 2924,1736 2835,1736 2745,1742 2662,1742"/>
                <Baseline points="2662,1737 2745,1737 2835,1731 2924,1731 3014,1725 3103,1725 3193,1713 3283,1707 3372,1701 3462,1689 3551,1683 3641,1683 3730,1683 3820,1683 3909,1689 3999,1695 4088,1701 4178,1707 4267,1719 4357,1725 4447,1731 4536,1731"/>
                <TextEquiv>
                    <Unicode>rasor or knife  wt. these words &amp; flowers etched</Unicode>
                </TextEquiv>
            </TextLine>
            <TextLine id="line_1678907879441_875" custom="readingOrder {index:1;}">
                <Coords points="1837,1877 1838,1877 1922,1841 2004,1813 2004,1863 1922,1891 1838,1927 1837,1927"/>
                <Baseline points="1839,1937 1838,1922 1892,1928 1954,1905"/>
                <TextEquiv>
                    <Unicode>25</Unicode>
                </TextEquiv>
            </TextLine>
            <TextLine id="line_1678907873500_870" custom="readingOrder {index:2;}">
                <Coords points="2004,1813 2011,1811 2101,1799 2190,1793 2280,1775 2369,1763 2369,1813 2280,1825 2190,1843 2101,1849 2011,1861 2004,1863"/>
                <Baseline points="2004,1858 2011,1856 2101,1844 2190,1838 2280,1820 2369,1808"/>
                <TextEquiv>
                    <Unicode>-1902. A </Unicode>
                </TextEquiv>
            </TextLine>
            <TextLine id="tr_1_tl_3" custom="readingOrder {index:3;}">
                <Coords points="2441,1865 2447,1865 2536,1859 2626,1853 2715,1847 2805,1847 2895,1841 2984,1835 3074,1835 3163,1823 3253,1811 3342,1805 3432,1805 3521,1793 3611,1787 3700,1787 3790,1787 3879,1793 3969,1793 4059,1799 4148,1805 4238,1805 4327,1811 4417,1811 4506,1805 4506,1855 4417,1861 4327,1861 4238,1855 4148,1855 4059,1849 3969,1843 3879,1843 3790,1837 3700,1837 3611,1837 3521,1843 3432,1855 3342,1855 3253,1861 3163,1873 3074,1885 2984,1885 2895,1891 2805,1897 2715,1897 2626,1903 2536,1909 2447,1915 2441,1915"/>
                <Baseline points="2441,1910 2447,1910 2536,1904 2626,1898 2715,1892 2805,1892 2895,1886 2984,1880 3074,1880 3163,1868 3253,1856 3342,1850 3432,1850 3521,1838 3611,1832 3700,1832 3790,1832 3879,1838 3969,1838 4059,1844 4148,1850 4238,1850 4327,1856 4417,1856 4506,1850"/>
                <TextEquiv>
                    <Unicode>on it Fecha en Malaga A.D. 1710. por Andres Lopes Mtro</Unicode>
                </TextEquiv>
            </TextLine>
            <TextLine id="tr_1_tl_4" custom="readingOrder {index:4;}">
                <Coords points="2966,1918 3056,1912 3145,1906 3235,1900 3324,1889 3414,1883 3503,1883 3593,1883 3593,1933 3503,1933 3414,1933 3324,1939 3235,1950 3145,1956 3056,1962 2966,1968"/>
                <Baseline points="2966,1963 3056,1957 3145,1951 3235,1945 3324,1934 3414,1928 3503,1928 3593,1928"/>
                <TextEquiv>
                    <Unicode>broken bead</Unicode>
                </TextEquiv>
            </TextLine>
            <TextLine id="tr_1_tl_5" custom="readingOrder {index:5;}">
                <Coords points="1975,2062 1993,2062 2083,2056 2172,2050 2262,2044 2351,2038 2441,2032 2530,2020 2620,2008 2710,2008 2799,1996 2889,1984 2978,1984 3068,1972 3157,1972 3247,1960 3336,1948 3426,1954 3515,1966 3605,1966 3694,1966 3784,1966 3873,1972 3963,1978 4053,1984 4142,1984 4232,1990 4321,1996 4411,1996 4411,2046 4321,2046 4232,2040 4142,2034 4053,2034 3963,2028 3873,2022 3784,2016 3694,2016 3605,2016 3515,2016 3426,2004 3336,1998 3247,2010 3157,2022 3068,2022 2978,2034 2889,2034 2799,2046 2710,2058 2620,2058 2530,2070 2441,2082 2351,2088 2262,2094 2172,2100 2083,2106 1993,2112 1975,2112"/>
                <Baseline points="1975,2107 1993,2107 2083,2101 2172,2095 2262,2089 2351,2083 2441,2077 2530,2065 2620,2053 2710,2053 2799,2041 2889,2029 2978,2029 3068,2017 3157,2017 3247,2005 3336,1993 3426,1999 3515,2011 3605,2011 3694,2011 3784,2011 3873,2017 3963,2023 4053,2029 4142,2029 4232,2035 4321,2041 4411,2041"/>
                <TextEquiv>
                    <Unicode>-1903. Blew red &amp; white on sevll Strata on glasse or enamel.</Unicode>
                </TextEquiv>
            </TextLine>
            <TextLine id="line_1678908024759_905" custom="readingOrder {index:6;}">
                <Coords points="2006,2265 2053,2265 2142,2259 2232,2253 2322,2241 2411,2235 2501,2235 2590,2223 2680,2217 2859,2217 2948,2211 3038,2205 3217,2205 3306,2199 3396,2193 3486,2187 3575,2187 3665,2181 3754,2181 3844,2175 3933,2175 4023,2181 4112,2181 4202,2187 4381,2187 4470,2193 4470,2243 4381,2237 4202,2237 4112,2231 4023,2231 3933,2225 3844,2225 3754,2231 3665,2231 3575,2237 3486,2237 3396,2243 3306,2249 3217,2255 3038,2255 2948,2261 2859,2267 2680,2267 2590,2273 2501,2285 2411,2285 2322,2291 2232,2303 2142,2309 2053,2315 2006,2315"/>
                <Baseline points="2006,2310 2053,2310 2142,2304 2232,2298 2322,2286 2411,2280 2501,2280 2590,2268 2680,2262 2769,2262 2859,2262 2948,2256 3038,2250 3127,2250 3217,2250 3306,2244 3396,2238 3486,2232 3575,2232 3665,2226 3754,2226 3844,2220 3933,2220 4023,2226 4112,2226 4202,2232 4291,2232 4381,2232 4470,2238"/>
                <TextEquiv>
                    <Unicode>-1904. A comb &amp; comb case made of tortoise shell wt. a case of</Unicode>
                </TextEquiv>
            </TextLine>
            <TextLine id="tr_1_tl_8" custom="readingOrder {index:7;}">
                <Coords points="1820,2438 1862,2438 1951,2432 2041,2426 2130,2420 2220,2420 2310,2408 2399,2402 2489,2396 2578,2396 2668,2390 2757,2378 2847,2372 2936,2372 3026,2366 3115,2366 3205,2360 3294,2348 3384,2342 3474,2342 3563,2336 3653,2330 3742,2324 3832,2324 3921,2330 4011,2336 4100,2336 4190,2336 4279,2342 4369,2354 4458,2372 4548,2378 4548,2428 4458,2422 4369,2404 4279,2392 4190,2386 4100,2386 4011,2386 3921,2380 3832,2374 3742,2374 3653,2380 3563,2386 3474,2392 3384,2392 3294,2398 3205,2410 3115,2416 3026,2416 2936,2422 2847,2422 2757,2428 2668,2440 2578,2446 2489,2446 2399,2452 2310,2458 2220,2470 2130,2470 2041,2476 1951,2482 1862,2488 1820,2488"/>
                <Baseline points="1820,2483 1862,2483 1951,2477 2041,2471 2130,2465 2220,2465 2310,2453 2399,2447 2489,2441 2578,2441 2668,2435 2757,2423 2847,2417 2936,2417 3026,2411 3115,2411 3205,2405 3294,2393 3384,2387 3474,2387 3563,2381 3653,2375 3742,2369 3832,2369 3921,2375 4011,2381 4100,2381 4190,2381 4279,2387 4369,2399 4458,2417 4548,2423"/>
                <TextEquiv>
                    <Unicode>199. c 27 a. the same whereon are engraved the arms of Jamaica</Unicode>
                </TextEquiv>
            </TextLine>
            <TextEquiv>
                <Unicode>rasor or knife  wt. these words &amp; flowers etched&#13;
25&#13;
-1902. A &#13;
on it Fecha en Malaga A.D. 1710. por Andres Lopes Mtro&#13;
broken bead&#13;
-1903. Blew red &amp; white on sevll Strata on glasse or enamel.&#13;
-1904. A comb &amp; comb case made of tortoise shell wt. a case of&#13;
199. c 27 a. the same whereon are engraved the arms of Jamaica</Unicode>
            </TextEquiv>
        </TextRegion>
        <TextRegion id="tr_5" custom="readingOrder {index:2;}">
            <Coords points="1263,2501 4530,2504 4530,3388 1263,3385"/>
            <TextLine id="tr_5_tl_1" custom="readingOrder {index:0;}">
                <Coords points="2262,2581 2280,2581 2369,2569 2459,2569 2548,2563 2638,2557 2727,2551 2817,2545 2906,2533 2996,2527 3086,2527 3175,2527 3265,2527 3354,2521 3444,2509 3533,2509 3623,2509 3712,2515 3802,2515 3891,2515 3981,2521 4070,2527 4160,2527 4250,2545 4339,2557 4339,2607 4250,2595 4160,2577 4070,2577 3981,2571 3891,2565 3802,2565 3712,2565 3623,2559 3533,2559 3444,2559 3354,2571 3265,2577 3175,2577 3086,2577 2996,2577 2906,2583 2817,2595 2727,2601 2638,2607 2548,2613 2459,2619 2369,2619 2280,2631 2262,2631"/>
                <Baseline points="2262,2626 2280,2626 2369,2614 2459,2614 2548,2608 2638,2602 2727,2596 2817,2590 2906,2578 2996,2572 3086,2572 3175,2572 3265,2572 3354,2566 3444,2554 3533,2554 3623,2554 3712,2560 3802,2560 3891,2560 3981,2566 4070,2572 4160,2572 4250,2590 4339,2602"/>
                <TextEquiv>
                    <Unicode>A plantain tree &amp; two ananast. made in 1675.</Unicode>
                </TextEquiv>
            </TextLine>
            <TextLine id="tr_5_tl_2" custom="readingOrder {index:1;}">
                <Coords points="1814,2790 1844,2784 1934,2772 2023,2754 2113,2754 2202,2748 2292,2742 2381,2742 2471,2736 2560,2730 2650,2724 2739,2718 2829,2712 2918,2712 3008,2706 3098,2706 3187,2700 3277,2694 3366,2694 3456,2688 3545,2688 3635,2682 3724,2682 3814,2682 3903,2676 3993,2670 3993,2720 3903,2726 3814,2732 3724,2732 3635,2732 3545,2738 3456,2738 3366,2744 3277,2744 3187,2750 3098,2756 3008,2756 2918,2762 2829,2762 2739,2768 2650,2774 2560,2780 2471,2786 2381,2792 2292,2792 2202,2798 2113,2804 2023,2804 1934,2822 1844,2834 1814,2840"/>
                <Baseline points="1814,2835 1844,2829 1934,2817 2023,2799 2113,2799 2202,2793 2292,2787 2381,2787 2471,2781 2560,2775 2650,2769 2739,2763 2829,2757 2918,2757 3008,2751 3098,2751 3187,2745 3277,2739 3366,2739 3456,2733 3545,2733 3635,2727 3724,2727 3814,2727 3903,2721 3993,2715"/>
                <TextEquiv>
                    <Unicode>216 f. -1905 The head of a cane of gum anime?</Unicode>
                </TextEquiv>
            </TextLine>
            <TextLine id="line_1678908177575_929" custom="readingOrder {index:2;}">
                <Coords points="1295,2850 1349,2851 1399,2833 1444,2823 1489,2829 1524,2829 1565,2829 1590,2831 1621,2821 1666,2816 1726,2791 1745,2838 1678,2865 1631,2870 1596,2881 1564,2879 1524,2879 1486,2879 1446,2873 1412,2881 1357,2900 1295,2900"/>
                <Baseline points="1295,2895 1356,2895 1411,2876 1446,2868 1486,2874 1524,2874 1564,2874 1595,2876 1630,2865 1677,2860 1743,2833"/>
                <TextEquiv>
                    <Unicode>✓ 199 c.</Unicode>
                </TextEquiv>
            </TextLine>
            <TextLine id="tr_5_tl_4" custom="readingOrder {index:3;}">
                <Coords points="1832,2987 1838,2981 1928,2969 2017,2945 2107,2927 2196,2921 2286,2915 2375,2909 2465,2909 2554,2903 2644,2891 2733,2891 2823,2885 2912,2885 3002,2879 3092,2879 3181,2873 3271,2867 3360,2861 3450,2856 3539,2856 3629,2856 3718,2856 3808,2850 3897,2850 3987,2844 4076,2844 4166,2844 4256,2850 4345,2856 4435,2867 4524,2856 4524,2906 4435,2917 4345,2906 4256,2900 4166,2894 4076,2894 3987,2894 3897,2900 3808,2900 3718,2906 3629,2906 3539,2906 3450,2906 3360,2911 3271,2917 3181,2923 3092,2929 3002,2929 2912,2935 2823,2935 2733,2941 2644,2941 2554,2953 2465,2959 2375,2959 2286,2965 2196,2971 2107,2977 2017,2995 1928,3019 1838,3031 1832,3037"/>
                <Baseline points="1832,3032 1838,3026 1928,3014 2017,2990 2107,2972 2196,2966 2286,2960 2375,2954 2465,2954 2554,2948 2644,2936 2733,2936 2823,2930 2912,2930 3002,2924 3092,2924 3181,2918 3271,2912 3360,2906 3450,2901 3539,2901 3629,2901 3718,2901 3808,2895 3897,2895 3987,2889 4076,2889 4166,2889 4256,2895 4345,2901 4435,2912 4524,2901"/>
                <TextEquiv>
                    <Unicode>216 -1906. A piece of greenish ordinary glasse taken up on the side</Unicode>
                </TextEquiv>
            </TextLine>
            <TextLine id="tr_5_tl_5" custom="readingOrder {index:4;}">
                <Coords points="2322,3082 2375,3082 2465,3082 2554,3076 2644,3064 2733,3058 2823,3053 2912,3041 3002,3035 3092,3029 3181,3029 3271,3023 3360,3017 3450,3017 3539,3017 3629,3011 3718,3005 3808,2999 3897,2999 3987,3005 4076,3005 4166,3005 4256,3011 4345,3011 4435,3011 4524,3005 4524,3055 4435,3061 4345,3061 4256,3061 4166,3055 4076,3055 3987,3055 3897,3049 3808,3049 3718,3055 3629,3061 3539,3067 3450,3067 3360,3067 3271,3073 3181,3079 3092,3079 3002,3085 2912,3091 2823,3103 2733,3108 2644,3114 2554,3126 2465,3132 2375,3132 2322,3132"/>
                <Baseline points="2322,3127 2375,3127 2465,3127 2554,3121 2644,3109 2733,3103 2823,3098 2912,3086 3002,3080 3092,3074 3181,3074 3271,3068 3360,3062 3450,3062 3539,3062 3629,3056 3718,3050 3808,3044 3897,3044 3987,3050 4076,3050 4166,3050 4256,3056 4345,3056 4435,3056 4524,3050"/>
                <TextEquiv>
                    <Unicode>of the Thames where among the gravell by being tumbled</Unicode>
                </TextEquiv>
            </TextLine>
            <TextLine id="tr_5_tl_6" custom="readingOrder {index:5;}">
                <Coords points="1916,3088 1939,3088 2029,3076 2119,3064 2119,3114 2029,3126 1939,3138 1916,3138"/>
                <Baseline points="1916,3133 1939,3133 2029,3121 2119,3109"/>
                <TextEquiv>
                    <Unicode>20. I</Unicode>
                </TextEquiv>
            </TextLine>
            <TextLine id="tr_5_tl_7" custom="readingOrder {index:6;}">
                <Coords points="2333,3208 2381,3208 2471,3202 2560,3196 2650,3196 2739,3178 2829,3178 2918,3172 3008,3166 3098,3166 3187,3166 3277,3160 3366,3160 3456,3154 3545,3148 3635,3142 3724,3136 3814,3130 3903,3130 3993,3130 4082,3136 4172,3136 4261,3136 4351,3136 4441,3142 4530,3142 4530,3192 4441,3192 4351,3186 4261,3186 4172,3186 4082,3186 3993,3180 3903,3180 3814,3180 3724,3186 3635,3192 3545,3198 3456,3204 3366,3210 3277,3210 3187,3216 3098,3216 3008,3216 2918,3222 2829,3228 2739,3228 2650,3246 2560,3246 2471,3252 2381,3258 2333,3258"/>
                <Baseline points="2333,3253 2381,3253 2471,3247 2560,3241 2650,3241 2739,3223 2829,3223 2918,3217 3008,3211 3098,3211 3187,3211 3277,3205 3366,3205 3456,3199 3545,3193 3635,3187 3724,3181 3814,3175 3903,3175 3993,3175 4082,3181 4172,3181 4261,3181 4351,3181 4441,3187 4530,3187"/>
                <TextEquiv>
                    <Unicode>about its surface was rounded &amp; rough as ordinary pebbles</Unicode>
                </TextEquiv>
            </TextLine>
            <TextLine id="tr_5_tl_8" custom="readingOrder {index:7;}">
                <Coords points="2387,3333 2417,3327 2507,3327 2596,3327 2686,3327 2775,3321 2865,3315 2954,3315 3044,3309 3133,3309 3223,3309 3223,3359 3133,3359 3044,3359 2954,3365 2865,3365 2775,3371 2686,3377 2596,3377 2507,3377 2417,3377 2387,3383"/>
                <Baseline points="2387,3378 2417,3372 2507,3372 2596,3372 2686,3372 2775,3366 2865,3360 2954,3360 3044,3354 3133,3354 3223,3354"/>
                <TextEquiv>
                    <Unicode>polished on one side.</Unicode>
                </TextEquiv>
            </TextLine>
            <TextEquiv>
                <Unicode>A plantain tree &amp; two ananast. made in 1675.&#13;
216 f. -1905 The head of a cane of gum anime?&#13;
✓ 199 c.&#13;
216 -1906. A piece of greenish ordinary glasse taken up on the side&#13;
of the Thames where among the gravell by being tumbled&#13;
20. I&#13;
about its surface was rounded &amp; rough as ordinary pebbles&#13;
polished on one side.</Unicode>
            </TextEquiv>
        </TextRegion>
        <TextRegion id="tr_4" custom="readingOrder {index:3;}">
            <Coords points="1725,3412 4530,3412 4530,4295 1725,4295"/>
            <TextLine id="tr_4_tl_1" custom="readingOrder {index:0;}">
                <Coords points="1862,3530 1910,3530 1999,3518 2089,3506 2178,3494 2268,3494 2357,3500 2447,3500 2536,3500 2626,3494 2715,3488 2805,3488 2895,3482 2984,3482 3074,3476 3163,3476 3253,3476 3342,3470 3432,3470 3521,3464 3611,3458 3700,3458 3790,3446 3879,3446 3969,3446 4059,3441 4148,3435 4238,3435 4327,3435 4417,3435 4506,3417 4506,3467 4417,3485 4327,3485 4238,3485 4148,3485 4059,3491 3969,3496 3879,3496 3790,3496 3700,3508 3611,3508 3521,3514 3432,3520 3342,3520 3253,3526 3163,3526 3074,3526 2984,3532 2895,3532 2805,3538 2715,3538 2626,3544 2536,3550 2447,3550 2357,3550 2268,3544 2178,3544 2089,3556 1999,3568 1910,3580 1862,3580"/>
                <Baseline points="1862,3575 1910,3575 1999,3563 2089,3551 2178,3539 2268,3539 2357,3545 2447,3545 2536,3545 2626,3539 2715,3533 2805,3533 2895,3527 2984,3527 3074,3521 3163,3521 3253,3521 3342,3515 3432,3515 3521,3509 3611,3503 3700,3503 3790,3491 3879,3491 3969,3491 4059,3486 4148,3480 4238,3480 4327,3480 4417,3480 4506,3462"/>
                <TextEquiv>
                    <Unicode>216 f. 1907. An ancient gray Stone hatchet wt. notches to be fixed</Unicode>
                </TextEquiv>
            </TextLine>
            <TextLine id="line_1678908302833_948" custom="readingOrder {index:1;}">
                <Coords points="2274,3643 2292,3643 2381,3637 2471,3637 2560,3643 2650,3637 2763,3637 2763,3687 2650,3687 2560,3693 2471,3687 2381,3687 2292,3693 2274,3693"/>
                <Baseline points="2274,3688 2292,3688 2381,3682 2471,3682 2560,3688 2650,3682 2739,3682 2763,3682"/>
                <TextEquiv>
                    <Unicode>to its handle</Unicode>
                </TextEquiv>
            </TextLine>
            <TextLine id="line_1678908306266_953" custom="readingOrder {index:2;}">
                <Coords points="3074,3633 3098,3632 3187,3632 3277,3637 3366,3637 3456,3632 3635,3632 3724,3626 3814,3620 4082,3620 4172,3626 4261,3620 4441,3620 4530,3614 4530,3664 4441,3670 4261,3670 4172,3676 4082,3670 3814,3670 3724,3676 3635,3682 3456,3682 3366,3687 3277,3687 3187,3682 3098,3682 3074,3683"/>
                <Baseline points="3074,3678 3098,3677 3187,3677 3277,3682 3366,3682 3456,3677 3545,3677 3635,3677 3724,3671 3814,3665 3903,3665 3993,3665 4082,3665 4172,3671 4261,3665 4351,3665 4441,3665 4530,3659"/>
                <TextEquiv>
                    <Unicode>by some thunder stones. markd formerly</Unicode>
                </TextEquiv>
            </TextLine>
            <TextLine id="tr_4_tl_3" custom="readingOrder {index:3;}">
                <Coords points="2280,3787 2369,3793 2459,3799 2507,3799 2507,3849 2459,3849 2369,3843 2280,3837"/>
                <Baseline points="2280,3832 2369,3838 2459,3844 2507,3844"/>
                <TextEquiv>
                    <Unicode>277.</Unicode>
                </TextEquiv>
            </TextLine>
            <TextLine id="tr_4_tl_4" custom="readingOrder {index:4;}">
                <Coords points="1725,4002 1754,3996 1844,3984 1934,3978 2023,3966 2113,3966 2202,3960 2292,3954 2381,3954 2471,3954 2560,3954 2650,3948 2739,3948 2829,3948 2918,3948 3008,3954 3098,3948 3187,3948 3277,3948 3366,3942 3456,3942 3545,3936 3635,3930 3724,3930 3814,3918 3903,3918 3993,3918 4082,3924 4172,3924 4261,3918 4351,3924 4441,3930 4441,3980 4351,3974 4261,3968 4172,3974 4082,3974 3993,3968 3903,3968 3814,3968 3724,3980 3635,3980 3545,3986 3456,3992 3366,3992 3277,3998 3187,3998 3098,3998 3008,4004 2918,3998 2829,3998 2739,3998 2650,3998 2560,4004 2471,4004 2381,4004 2292,4004 2202,4010 2113,4016 2023,4016 1934,4028 1844,4034 1754,4046 1725,4052"/>
                <Baseline points="1725,4047 1754,4041 1844,4029 1934,4023 2023,4011 2113,4011 2202,4005 2292,3999 2381,3999 2471,3999 2560,3999 2650,3993 2739,3993 2829,3993 2918,3993 3008,3999 3098,3993 3187,3993 3277,3993 3366,3987 3456,3987 3545,3981 3635,3975 3724,3975 3814,3963 3903,3963 3993,3963 4082,3969 4172,3969 4261,3963 4351,3969 4441,3975"/>
                <TextEquiv>
                    <Unicode>216 f. 1908. A piece of Roman brick or tile? markd formerly 257.</Unicode>
                </TextEquiv>
            </TextLine>
            <TextLine id="tr_4_tl_5" custom="readingOrder {index:5;}">
                <Coords points="1796,4240 1820,4240 1910,4222 1999,4205 2089,4193 2178,4193 2268,4187 2357,4175 2447,4175 2536,4175 2626,4175 2715,4169 2805,4169 2895,4163 2984,4163 3074,4163 3163,4163 3253,4163 3342,4169 3432,4169 3521,4163 3611,4169 3700,4163 3790,4169 3879,4169 3969,4163 4059,4169 4148,4169 4238,4163 4327,4163 4417,4163 4506,4151 4506,4201 4417,4213 4327,4213 4238,4213 4148,4219 4059,4219 3969,4213 3879,4219 3790,4219 3700,4213 3611,4219 3521,4213 3432,4219 3342,4219 3253,4213 3163,4213 3074,4213 2984,4213 2895,4213 2805,4219 2715,4219 2626,4225 2536,4225 2447,4225 2357,4225 2268,4237 2178,4243 2089,4243 1999,4255 1910,4272 1820,4290 1796,4290"/>
                <Baseline points="1796,4285 1820,4285 1910,4267 1999,4250 2089,4238 2178,4238 2268,4232 2357,4220 2447,4220 2536,4220 2626,4220 2715,4214 2805,4214 2895,4208 2984,4208 3074,4208 3163,4208 3253,4208 3342,4214 3432,4214 3521,4208 3611,4214 3700,4208 3790,4214 3879,4214 3969,4208 4059,4214 4148,4214 4238,4208 4327,4208 4417,4208 4506,4196"/>
                <TextEquiv>
                    <Unicode>216 f. -1909. A Sword or large knife haft of Unicorns horn markd 100.</Unicode>
                </TextEquiv>
            </TextLine>
            <TextEquiv>
                <Unicode>216 f. 1907. An ancient gray Stone hatchet wt. notches to be fixed&#13;
to its handle&#13;
by some thunder stones. markd formerly&#13;
277.&#13;
216 f. 1908. A piece of Roman brick or tile? markd formerly 257.&#13;
216 f. -1909. A Sword or large knife haft of Unicorns horn markd 100.</Unicode>
            </TextEquiv>
        </TextRegion>
        <TextRegion id="tr_2" custom="readingOrder {index:4;}">
            <Coords points="1778,4349 4560,4349 4560,5555 1778,5555"/>
            <TextLine id="line_1678909138321_1070" custom="readingOrder {index:0;}">
                <Coords points="2038,4438 2071,4425 2160,4419 2250,4419 2339,4413 2429,4419 2518,4413 2608,4413 2698,4408 2787,4413 2877,4408 2966,4408 3056,4402 3145,4408 3235,4408 3324,4402 3414,4396 3503,4390 3593,4390 3682,4384 3772,4384 3862,4378 3951,4378 4041,4372 4309,4372 4399,4366 4488,4354 4488,4404 4399,4416 4309,4422 4041,4422 3951,4428 3862,4428 3772,4434 3682,4434 3593,4440 3503,4440 3414,4446 3324,4452 3235,4458 3145,4458 3056,4452 2966,4458 2877,4458 2787,4463 2698,4458 2608,4463 2518,4463 2429,4469 2339,4463 2250,4469 2160,4469 2071,4475 2038,4488"/>
                <Baseline points="2038,4483 2071,4470 2160,4464 2250,4464 2339,4458 2429,4464 2518,4458 2608,4458 2698,4453 2787,4458 2877,4453 2966,4453 3056,4447 3145,4453 3235,4453 3324,4447 3414,4441 3503,4435 3593,4435 3682,4429 3772,4429 3862,4423 3951,4423 4041,4417 4130,4417 4220,4417 4309,4417 4399,4411 4488,4399"/>
                <TextEquiv>
                    <Unicode>A piece of Stone or flint calcin'd in a log of firewood</Unicode>
                </TextEquiv>
            </TextLine>
            <TextLine id="tr_2_tl_2" custom="readingOrder {index:1;}">
                <Coords points="2316,4569 2339,4563 2429,4569 2518,4563 2608,4563 2698,4569 2787,4557 2877,4557 2877,4607 2787,4607 2698,4619 2608,4613 2518,4613 2429,4619 2339,4613 2316,4619"/>
                <Baseline points="2316,4614 2339,4608 2429,4614 2518,4608 2608,4608 2698,4614 2787,4602 2877,4602"/>
                <TextEquiv>
                    <Unicode>mark'd 1379.</Unicode>
                </TextEquiv>
            </TextLine>
            <TextLine id="tr_2_tl_3" custom="readingOrder {index:2;}">
                <Coords points="1790,4700 1820,4700 1910,4700 1999,4694 2089,4682 2178,4682 2268,4688 2357,4688 2447,4694 2536,4694 2626,4694 2715,4700 2805,4700 2895,4706 2984,4706 3074,4706 3163,4706 3253,4700 3342,4700 3432,4700 3521,4700 3611,4700 3700,4694 3790,4694 3879,4688 3969,4682 4059,4688 4148,4682 4238,4688 4327,4688 4417,4676 4417,4726 4327,4738 4238,4738 4148,4732 4059,4738 3969,4732 3879,4738 3790,4744 3700,4744 3611,4750 3521,4750 3432,4750 3342,4750 3253,4750 3163,4756 3074,4756 2984,4756 2895,4756 2805,4750 2715,4750 2626,4744 2536,4744 2447,4744 2357,4738 2268,4738 2178,4732 2089,4732 1999,4744 1910,4750 1820,4750 1790,4750"/>
                <Baseline points="1790,4745 1820,4745 1910,4745 1999,4739 2089,4727 2178,4727 2268,4733 2357,4733 2447,4739 2536,4739 2626,4739 2715,4745 2805,4745 2895,4751 2984,4751 3074,4751 3163,4751 3253,4745 3342,4745 3432,4745 3521,4745 3611,4745 3700,4739 3790,4739 3879,4733 3969,4727 4059,4733 4148,4727 4238,4733 4327,4733 4417,4721"/>
                <TextEquiv>
                    <Unicode>27 a 1911. The hemisphericall part of an ancient fibula from</Unicode>
                </TextEquiv>
            </TextLine>
            <TextLine id="tr_2_tl_4" custom="readingOrder {index:3;}">
                <Coords points="2542,4813 2590,4813 2680,4825 2769,4825 2859,4825 2948,4837 3038,4837 3127,4837 3217,4831 3306,4819 3396,4819 3486,4819 3575,4819 3665,4819 3754,4819 3844,4819 3933,4813 4023,4813 4112,4807 4202,4807 4291,4807 4381,4801 4470,4796 4560,4784 4560,4834 4470,4846 4381,4851 4291,4857 4202,4857 4112,4857 4023,4863 3933,4863 3844,4869 3754,4869 3665,4869 3575,4869 3486,4869 3396,4869 3306,4869 3217,4881 3127,4887 3038,4887 2948,4887 2859,4875 2769,4875 2680,4875 2590,4863 2542,4863"/>
                <Baseline points="2542,4858 2590,4858 2680,4870 2769,4870 2859,4870 2948,4882 3038,4882 3127,4882 3217,4876 3306,4864 3396,4864 3486,4864 3575,4864 3665,4864 3754,4864 3844,4864 3933,4858 4023,4858 4112,4852 4202,4852 4291,4852 4381,4846 4470,4841 4560,4829"/>
                <TextEquiv>
                    <Unicode>Scotland in silver. Vid. Montfancons monumens</Unicode>
                </TextEquiv>
            </TextLine>
            <TextLine id="tr_2_tl_5" custom="readingOrder {index:4;}">
                <Coords points="1784,4813 1874,4813 1963,4813 2053,4813 2142,4807 2232,4819 2322,4825 2411,4843 2501,4855 2590,4867 2680,4879 2769,4885 2859,4891 3576,4889 3576,4939 2859,4941 2769,4935 2680,4929 2590,4917 2501,4905 2411,4893 2322,4875 2232,4869 2142,4857 2053,4863 1963,4863 1874,4863 1784,4863"/>
                <Baseline points="1784,4858 1874,4858 1963,4858 2053,4858 2142,4852 2232,4864 2322,4870 2411,4888 2501,4900 2590,4912 2680,4924 2769,4930 2859,4936 2930,4930 2986,4934 3043,4934 3068,4934 3139,4937 3174,4937 3262,4940 3336,4940 3391,4938 3488,4934 3533,4935"/>
                <TextEquiv>
                    <Unicode>du Roi tom 1. pag. 14. pl. 5. fig. 4</Unicode>
                </TextEquiv>
            </TextLine>
            <TextLine id="tr_2_tl_6" custom="readingOrder {index:5;}">
                <Coords points="1808,4957 1898,4957 1987,4945 2077,4933 2166,4933 2256,4945 2345,4957 2435,4963 2524,4969 2614,4981 2704,4975 2793,4981 2883,4981 2972,4987 3062,4987 3151,4992 3241,4992 3330,4992 3420,4992 3509,4998 3599,4998 3688,5004 3778,4998 3868,5004 3957,5004 4047,5004 4136,4998 4226,4992 4315,4987 4405,4981 4441,4969 4441,5019 4405,5031 4315,5037 4226,5042 4136,5048 4047,5054 3957,5054 3868,5054 3778,5048 3688,5054 3599,5048 3509,5048 3420,5042 3330,5042 3241,5042 3151,5042 3062,5037 2972,5037 2883,5031 2793,5031 2704,5025 2614,5031 2524,5019 2435,5013 2345,5007 2256,4995 2166,4983 2077,4983 1987,4995 1898,5007 1808,5007"/>
                <Baseline points="1808,5002 1898,5002 1987,4990 2077,4978 2166,4978 2256,4990 2345,5002 2435,5008 2524,5014 2614,5026 2704,5020 2793,5026 2883,5026 2972,5032 3062,5032 3151,5037 3241,5037 3330,5037 3420,5037 3509,5043 3599,5043 3688,5049 3778,5043 3868,5049 3957,5049 4047,5049 4136,5043 4226,5037 4315,5032 4405,5026 4441,5014"/>
                <TextEquiv>
                    <Unicode>216 f. 1912. One of the chrystall hemisphericall ornaments for</Unicode>
                </TextEquiv>
            </TextLine>
            <TextLine id="tr_2_tl_7" custom="readingOrder {index:6;}">
                <Coords points="2387,5100 2477,5112 2566,5112 2656,5118 2745,5118 2835,5124 2924,5124 3014,5124 3103,5124 3193,5124 3223,5124 3223,5174 3193,5174 3103,5174 3014,5174 2924,5174 2835,5174 2745,5168 2656,5168 2566,5162 2477,5162 2387,5150"/>
                <Baseline points="2387,5145 2477,5157 2566,5157 2656,5163 2745,5163 2835,5169 2924,5169 3014,5169 3103,5169 3193,5169 3223,5169"/>
                <TextEquiv>
                    <Unicode>horses markd</Unicode>
                </TextEquiv>
            </TextLine>
            <TextLine id="tr_2_tl_8" custom="readingOrder {index:7;}">
                <Coords points="1778,5231 1868,5231 1928,5231 1928,5281 1868,5281 1778,5281"/>
                <Baseline points="1778,5276 1868,5276 1928,5276"/>
                <TextEquiv>
                    <Unicode>216</Unicode>
                </TextEquiv>
            </TextLine>
            <TextLine id="tr_2_tl_9" custom="readingOrder {index:8;}">
                <Coords points="2005,5231 2095,5237 2184,5243 2274,5249 2363,5249 2453,5261 2542,5261 2632,5267 2721,5267 2811,5273 2901,5279 2990,5279 3080,5279 3169,5279 3259,5273 3348,5279 3438,5273 3527,5267 3617,5273 3706,5273 3796,5267 3885,5267 3975,5267 4065,5261 4154,5255 4244,5255 4333,5255 4423,5237 4429,5231 4429,5281 4423,5287 4333,5305 4244,5305 4154,5305 4065,5311 3975,5317 3885,5317 3796,5317 3706,5323 3617,5323 3527,5317 3438,5323 3348,5329 3259,5323 3169,5329 3080,5329 2990,5329 2901,5329 2811,5323 2721,5317 2632,5317 2542,5311 2453,5311 2363,5299 2274,5299 2184,5293 2095,5287 2005,5281"/>
                <Baseline points="2005,5276 2095,5282 2184,5288 2274,5294 2363,5294 2453,5306 2542,5306 2632,5312 2721,5312 2811,5318 2901,5324 2990,5324 3080,5324 3169,5324 3259,5318 3348,5324 3438,5318 3527,5312 3617,5318 3706,5318 3796,5312 3885,5312 3975,5312 4065,5306 4154,5300 4244,5300 4333,5300 4423,5282 4429,5276"/>
                <TextEquiv>
                    <Unicode>1913. Another whitish clouded chrystall or Cornelian markd</Unicode>
                </TextEquiv>
            </TextLine>
            <TextLine id="tr_2_tl_10" custom="readingOrder {index:9;}">
                <Coords points="2471,5380 2560,5386 2650,5386 2650,5436 2560,5436 2471,5430"/>
                <Baseline points="2471,5425 2560,5431 2650,5431"/>
                <TextEquiv>
                    <Unicode>273.</Unicode>
                </TextEquiv>
            </TextLine>
            <TextLine id="tr_2_tl_11" custom="readingOrder {index:10;}">
                <Coords points="1999,5470 2029,5482 2119,5482 2208,5476 2298,5482 2387,5494 2477,5494 2566,5494 2656,5494 2745,5494 2835,5500 2924,5500 3014,5494 3103,5494 3193,5488 3283,5494 3372,5500 3462,5500 3551,5494 3641,5494 3730,5494 3820,5494 3909,5500 3999,5500 4088,5500 4178,5500 4267,5494 4357,5488 4447,5476 4536,5458 4536,5508 4447,5526 4357,5538 4267,5544 4178,5550 4088,5550 3999,5550 3909,5550 3820,5544 3730,5544 3641,5544 3551,5544 3462,5550 3372,5550 3283,5544 3193,5538 3103,5544 3014,5544 2924,5550 2835,5550 2745,5544 2656,5544 2566,5544 2477,5544 2387,5544 2298,5532 2208,5526 2119,5532 2029,5532 1999,5520"/>
                <Baseline points="1999,5515 2029,5527 2119,5527 2208,5521 2298,5527 2387,5539 2477,5539 2566,5539 2656,5539 2745,5539 2835,5545 2924,5545 3014,5539 3103,5539 3193,5533 3283,5539 3372,5545 3462,5545 3551,5539 3641,5539 3730,5539 3820,5539 3909,5545 3999,5545 4088,5545 4178,5545 4267,5539 4357,5533 4447,5521 4536,5503"/>
                <TextEquiv>
                    <Unicode>1914. Sevll. woods of the growth of English gardens made into the form </Unicode>
                </TextEquiv>
            </TextLine>
            <TextEquiv>
                <Unicode>A piece of Stone or flint calcin'd in a log of firewood&#13;
mark'd 1379.&#13;
27 a 1911. The hemisphericall part of an ancient fibula from&#13;
Scotland in silver. Vid. Montfancons monumens&#13;
du Roi tom 1. pag. 14. pl. 5. fig. 4&#13;
216 f. 1912. One of the chrystall hemisphericall ornaments for&#13;
horses markd&#13;
216&#13;
1913. Another whitish clouded chrystall or Cornelian markd&#13;
273.&#13;
1914. Sevll. woods of the growth of English gardens made into the form </Unicode>
            </TextEquiv>
        </TextRegion>
        <TextRegion id="tr_6" custom="readingOrder {index:5;}">
            <Coords points="2011,5572 4542,5572 4542,6546 2011,6546"/>
            <TextLine id="tr_6_tl_1" custom="readingOrder {index:0;}">
                <Coords points="2310,5589 2387,5601 2477,5607 2566,5613 2656,5625 2745,5631 2835,5637 2924,5637 3014,5637 3103,5637 3193,5631 3283,5625 3372,5625 3462,5625 3551,5625 3641,5625 3730,5631 3820,5631 3909,5625 3999,5625 4088,5619 4178,5613 4267,5613 4357,5607 4447,5595 4536,5577 4536,5627 4447,5645 4357,5657 4267,5663 4178,5663 4088,5669 3999,5675 3909,5675 3820,5681 3730,5681 3641,5675 3551,5675 3462,5675 3372,5675 3283,5675 3193,5681 3103,5687 3014,5687 2924,5687 2835,5687 2745,5681 2656,5675 2566,5663 2477,5657 2387,5651 2310,5639"/>
                <Baseline points="2310,5634 2387,5646 2477,5652 2566,5658 2656,5670 2745,5676 2835,5682 2924,5682 3014,5682 3103,5682 3193,5676 3283,5670 3372,5670 3462,5670 3551,5670 3641,5670 3730,5676 3820,5676 3909,5670 3999,5670 4088,5664 4178,5658 4267,5658 4357,5652 4447,5640 4536,5622"/>
                <TextEquiv>
                    <Unicode>of a book, as. 1. lilac the red wood, 3 mulberry the yellow laburnum</Unicode>
                </TextEquiv>
            </TextLine>
            <TextLine id="tr_6_tl_2" custom="readingOrder {index:1;}">
                <Coords points="2333,5739 2393,5739 2483,5745 2572,5745 2662,5751 2751,5757 2841,5757 2930,5763 3020,5768 3109,5768 3199,5768 3289,5763 3378,5757 3468,5757 3557,5757 3647,5757 3736,5763 3826,5763 3915,5763 4005,5757 4094,5751 4184,5745 4273,5739 4363,5733 4453,5727 4542,5709 4542,5759 4453,5777 4363,5783 4273,5789 4184,5795 4094,5801 4005,5807 3915,5813 3826,5813 3736,5813 3647,5807 3557,5807 3468,5807 3378,5807 3289,5813 3199,5818 3109,5818 3020,5818 2930,5813 2841,5807 2751,5807 2662,5801 2572,5795 2483,5795 2393,5789 2333,5789"/>
                <Baseline points="2333,5784 2393,5784 2483,5790 2572,5790 2662,5796 2751,5802 2841,5802 2930,5808 3020,5813 3109,5813 3199,5813 3289,5808 3378,5802 3468,5802 3557,5802 3647,5802 3736,5808 3826,5808 3915,5808 4005,5802 4094,5796 4184,5790 4273,5784 4363,5778 4453,5772 4542,5754"/>
                <TextEquiv>
                    <Unicode>the brownish yew &amp; box (made by John Cannon cabinet maker</Unicode>
                </TextEquiv>
            </TextLine>
            <TextLine id="tr_6_tl_3" custom="readingOrder {index:2;}">
                <Coords points="2369,5858 2393,5852 2483,5858 2572,5864 2662,5876 2751,5888 2841,5894 2930,5894 3020,5894 3109,5888 3199,5882 3289,5876 3378,5876 3468,5876 3557,5870 3647,5870 3736,5864 3826,5864 3915,5858 4005,5858 4094,5852 4184,5852 4273,5846 4363,5840 4453,5834 4542,5834 4542,5884 4453,5884 4363,5890 4273,5896 4184,5902 4094,5902 4005,5908 3915,5908 3826,5914 3736,5914 3647,5920 3557,5920 3468,5926 3378,5926 3289,5926 3199,5932 3109,5938 3020,5944 2930,5944 2841,5944 2751,5938 2662,5926 2572,5914 2483,5908 2393,5902 2369,5908"/>
                <Baseline points="2369,5903 2393,5897 2483,5903 2572,5909 2662,5921 2751,5933 2841,5939 2930,5939 3020,5939 3109,5933 3199,5927 3289,5921 3378,5921 3468,5921 3557,5915 3647,5915 3736,5909 3826,5909 3915,5903 4005,5903 4094,5897 4184,5897 4273,5891 4363,5885 4453,5879 4542,5879"/>
                <TextEquiv>
                    <Unicode>in St. Martins lane. 12 sumach, 4 Aprecock 5 arbor Inde, 6 walnut tree</Unicode>
                </TextEquiv>
            </TextLine>
            <TextLine id="line_1678908723284_1003" custom="readingOrder {index:3;}">
                <Coords points="2381,5936 2471,5936 2560,5942 2650,5942 2739,5948 3067,5949 3067,5999 2739,5998 2650,5992 2560,5992 2471,5986 2381,5986"/>
                <Baseline points="2381,5981 2471,5981 2560,5987 2650,5987 2739,5993 2829,5993 3035,5992"/>
                <TextEquiv>
                    <Unicode>7 Acacia 8 white strypes</Unicode>
                </TextEquiv>
            </TextLine>
            <TextLine id="tr_6_tl_6" custom="readingOrder {index:4;}">
                <Coords points="2029,6007 2089,6007 2178,6007 2268,6007 2357,6007 2447,6007 2536,6007 2626,6013 2715,6013 2805,6007 2895,6007 2984,6001 3074,6001 3163,6013 3253,6013 3348,6006 3396,6000 3414,6001 3503,5995 3593,5995 3682,5995 3772,5995 3862,5995 3951,5995 4041,5989 4130,5977 4220,5977 4309,5965 4399,5954 4399,6004 4309,6015 4220,6027 4130,6027 4041,6039 3951,6045 3862,6045 3772,6045 3682,6045 3593,6045 3503,6045 3414,6051 3396,6050 3348,6056 3253,6063 3163,6063 3074,6051 2984,6051 2895,6057 2805,6057 2715,6063 2626,6063 2536,6057 2447,6057 2357,6057 2268,6057 2178,6057 2089,6057 2029,6057"/>
                <Baseline points="2029,6052 2089,6052 2178,6052 2268,6052 2357,6052 2447,6052 2536,6052 2626,6058 2715,6058 2805,6052 2895,6052 2984,6046 3074,6046 3163,6058 3253,6058 3348,6051 3396,6045 3414,6046 3503,6040 3593,6040 3682,6040 3772,6040 3862,6040 3951,6040 4041,6034 4130,6022 4220,6022 4309,6010 4399,5999"/>
                <TextEquiv>
                    <Unicode>-1915. part of the tripes or skin of some animal work by the</Unicode>
                </TextEquiv>
            </TextLine>
            <TextLine id="tr_6_tl_8" custom="readingOrder {index:5;}">
                <Coords points="2292,6133 2345,6139 2435,6145 2524,6145 2614,6145 2704,6151 2793,6151 2883,6151 2972,6151 3062,6145 3151,6145 3241,6145 3330,6145 3420,6145 3509,6145 3599,6145 3688,6145 3778,6145 3868,6139 3957,6133 4047,6121 4136,6115 4226,6097 4315,6085 4405,6073 4494,6043 4494,6093 4405,6123 4315,6135 4226,6147 4136,6165 4047,6171 3957,6183 3868,6189 3778,6195 3688,6195 3599,6195 3509,6195 3420,6195 3330,6195 3241,6195 3151,6195 3062,6195 2972,6201 2883,6201 2793,6201 2704,6201 2614,6195 2524,6195 2435,6195 2345,6189 2292,6183"/>
                <Baseline points="2292,6178 2345,6184 2435,6190 2524,6190 2614,6190 2704,6196 2793,6196 2883,6196 2972,6196 3062,6190 3151,6190 3241,6190 3330,6190 3420,6190 3509,6190 3599,6190 3688,6190 3778,6190 3868,6184 3957,6178 4047,6166 4136,6160 4226,6142 4315,6130 4405,6118 4494,6088"/>
                <TextEquiv>
                    <Unicode>Hottentots on their ancles &amp; then eaten markd formerly. 439.</Unicode>
                </TextEquiv>
            </TextLine>
            <TextLine id="tr_6_tl_9" custom="readingOrder {index:6;}">
                <Coords points="2011,6294 2083,6294 2172,6288 2262,6294 2351,6288 2441,6288 2530,6288 2620,6276 2710,6288 2799,6294 2889,6288 2978,6288 3068,6294 3157,6294 3247,6294 3336,6294 3426,6300 3515,6306 3605,6312 3694,6312 3784,6312 3873,6312 3963,6306 4053,6300 4142,6294 4232,6288 4321,6270 4411,6264 4500,6246 4500,6296 4411,6314 4321,6320 4232,6338 4142,6344 4053,6350 3963,6356 3873,6362 3784,6362 3694,6362 3605,6362 3515,6356 3426,6350 3336,6344 3247,6344 3157,6344 3068,6344 2978,6338 2889,6338 2799,6344 2710,6338 2620,6326 2530,6338 2441,6338 2351,6338 2262,6344 2172,6338 2083,6344 2011,6344"/>
                <Baseline points="2011,6339 2083,6339 2172,6333 2262,6339 2351,6333 2441,6333 2530,6333 2620,6321 2710,6333 2799,6339 2889,6333 2978,6333 3068,6339 3157,6339 3247,6339 3336,6339 3426,6345 3515,6351 3605,6357 3694,6357 3784,6357 3873,6357 3963,6351 4053,6345 4142,6339 4232,6333 4321,6315 4411,6309 4500,6291"/>
                <TextEquiv>
                    <Unicode>-1916. Glew: from China? used there as a medicine made of</Unicode>
                </TextEquiv>
            </TextLine>
            <TextLine id="tr_6_tl_10" custom="readingOrder {index:7;}">
                <Coords points="2204,6361 2429,6377 2518,6383 2608,6395 2698,6401 2787,6401 2877,6395 2966,6389 3056,6395 3145,6407 3235,6407 3324,6407 3414,6407 3503,6413 3593,6419 3682,6413 3772,6413 3862,6413 3951,6413 4041,6431 4130,6431 4220,6425 4238,6413 4238,6463 4220,6475 4130,6481 4041,6481 3951,6463 3862,6463 3772,6463 3682,6463 3593,6469 3503,6463 3414,6457 3324,6457 3235,6457 3145,6457 3056,6445 2966,6439 2877,6445 2787,6451 2698,6451 2608,6445 2518,6433 2429,6427 2204,6411"/>
                <Baseline points="2261,6410 2429,6422 2518,6428 2608,6440 2698,6446 2787,6446 2877,6440 2966,6434 3056,6440 3145,6452 3235,6452 3324,6452 3414,6452 3503,6458 3593,6464 3682,6458 3772,6458 3862,6458 3951,6458 4041,6476 4130,6476 4220,6470 4238,6458"/>
                <TextEquiv>
                    <Unicode>an asses skin steeped for 7 months in a well famous Dr. Massy.</Unicode>
                </TextEquiv>
            </TextLine>
            <TextLine id="tr_6_tl_11" custom="readingOrder {index:8;}">
                <Coords points="2044,6457 2393,6461 2483,6467 2572,6473 2662,6473 2751,6473 2841,6473 2930,6473 3020,6467 3109,6479 3199,6485 3289,6485 3378,6485 3468,6485 3557,6485 3647,6485 3736,6485 3826,6485 3915,6485 3927,6491 3927,6541 3915,6535 3826,6535 3736,6535 3647,6535 3557,6535 3468,6535 3378,6535 3289,6535 3199,6535 3109,6529 3020,6517 2930,6523 2841,6523 2751,6523 2662,6523 2572,6523 2483,6517 2389,6526 2040,6522"/>
                <Baseline points="2076,6514 2290,6510 2483,6512 2572,6518 2662,6518 2751,6518 2841,6518 2930,6518 3020,6512 3109,6524 3199,6530 3289,6530 3378,6530 3468,6530 3557,6530 3647,6530 3736,6530 3826,6530 3915,6530 3927,6536"/>
                <TextEquiv>
                    <Unicode>-1917. A Newberry lozenge for the heart burn.</Unicode>
                </TextEquiv>
            </TextLine>
            <TextEquiv>
                <Unicode>of a book, as. 1. lilac the red wood, 3 mulberry the yellow laburnum&#13;
the brownish yew &amp; box (made by John Cannon cabinet maker&#13;
in St. Martins lane. 12 sumach, 4 Aprecock 5 arbor Inde, 6 walnut tree&#13;
7 Acacia 8 white strypes&#13;
-1915. part of the tripes or skin of some animal work by the&#13;
Hottentots on their ancles &amp; then eaten markd formerly. 439.&#13;
-1916. Glew: from China? used there as a medicine made of&#13;
an asses skin steeped for 7 months in a well famous Dr. Massy.&#13;
-1917. A Newberry lozenge for the heart burn.</Unicode>
            </TextEquiv>
        </TextRegion>
    </Page>
</PcGts>
