4912 7360
1766 701 2006 769 27 a
2122 635 4458 804 -1918. A musket bullet which being shott at a mark on a
1939 820 4470 983 199 c. door went thro & killd a young man on the other side
2339 981 3659 1055 by shattering his thigh bone.
1384 1208 1703 1282 199 c.
1954 1124 3283 1294 20. J. -1919. Crocus metallorum?
1366 1453 1752 1527 ✓ 199 c
2086 1351 3271 1486 -1920. A Cornelian ring?
2057 1578 3814 1693 -1921. Jerusalem sope from Mr. Collier.
1408 1745 1766 1813 ✓ 199 d
2047 1745 4584 1915 -1922. Incrustations from the wreck'd ship? mark'd formerly 1601
1408 1912 1671 1980 ✓ 199 c
2763 1984 2936 2052 1601
1904 2068 3163 2141 29 C -1923. A copper crucifix.
2113 2223 3223 2349 -1924. A snafle bridle bitt
1880 2408 3939 2589 27 a -1925. Sevll. very small written pieces graved.
2066 2599 3444 2742 -1926. Sevll. coloured glasses.
2041 2867 4470 3025 -1927. A semicircular old China ware scolloped dish given me
1975 3017 4512 3204 23. 6. by Dr. Douce, tis earthen ware glazed & very heavy.
1856 3208 4453 3329 216 -1928. The bottom of a hayrick wch. had taken fire of its selfe
2417 3327 4196 3407 being putt up too wett? mark formerly 1997?
1838 3488 3330 3604 30 C -1929. Blew glasse or scoriæ.
1868 3632 4387 3825 216 -1930. The head of an arrow from N. England used by the
2393 3823 3235 3896 American Indians.
2077 3876 4351 4028 -1931. Sevll. deaths heads & sceletons enameld used by the
2459 4061 3862 4165 Goldsmiths for mourning rings.
2096 4133 2316 4223 19 J
2053 4222 4518 4398 -1932. a knife & Steel for coletting it on the haft D. p. 1566
3330 4413 4106 4511 Sacrificing or circumcising Knife.
2015 4469 2303 4535 20 L.
2465 4503 3193 4583 Gideon & Josios.
2065 4670 4524 4792 -1933. An Indian basket made of twiggs by the Indians Esqu
2142 4867 4548 4941 Esquemos in Hudsons streights 63° North lat. & 72. longitudes
2431 4928 2552 4983 Alexr
2196 4987 4542 5060 from Mr. Light who traded wt. them, & had for knives & brasse butons 45
2190 5094 4363 5210 pieces of ivory whose uses learnd by their motions were
2170 5345 4411 5436 No. 1. is for their Lines to run out on: and each
2345 5506 4369 5586 Canoe hath one of them made fast to the
2405 5625 4453 5723 Star-board side of the Hole, where the Man
2405 5780 3187 5866 sitts to paddle.
2238 5948 3103 6027 2. The Same.
2204 6084 3062 6165 3. A Harpoon.
3832 6222 4453 6290 made fast S. B
2286 6222 3748 6314 4. To D dress Skins with. 5.5.
2417 6330 3426 6433 to a Harpoon Staff.
2170 6461 3044 6553 6. The same.
