4912 7360
1000 721 3184 840 -120. The head of a Cane of lignum
3841 746 3926 799 11
986 809 1264 874 27 a.
3768 861 4080 937 0. 0. 6.
1172 900 2840 1029 216 a vite or Prince wood.
1326 1172 3128 1340 121. Weights for Gold Smiths & Scales.
1004 1414 3252 1566 -122. A pike pretended to be cinamon
1420 1612 3252 1744 wood but is only one covered
1416 1770 3220 1954 artificially with cinamon bark
1444 1970 2966 2150 given me by Mr. Doyly.
606 2240 3260 2412 k 245 123. A cap made of the out side of rushes.
1212 2333 1360 2410 19 W
571 2394 654 2444 <
750 2443 3212 2613 226 124. A piece of matt made of the bark
1042 2638 1976 2770 19 W enganda?
1100 2922 3336 3134 125. A childs Shoe of the Iroquois made
512 3078 3312 3316 < 226 19 X of the maiz or Indian corne dyed.
1088 3364 3340 3586 126. An Indians girdle made of died porcu=
537 3431 1016 3527 k. 245
1116 3520 3164 3722 19 J =pines quills? lined with leather
530 3525 610 3579 <
1412 3834 3188 4002 127 The same lined with birch? bark-
736 3884 944 4004 k 245.
1049 3990 1339 4074 19 J
525 4044 619 4111 <
1392 4070 3078 4226 128. Necklaces? of the same.
779 4324 857 4374 ✓
876 4354 3278 4496 25 -129. A Chinese abacus of brasse vid the
3574 4445 3711 4512 S B
1496 4506 3184 4646 phil. Transact. Vid. No 594.
3428 4513 3552 4570 X
1402 4686 2752 4800 25 130. The same of wood. Id
3389 4748 3523 4809 X
915 4894 986 4952 ✓
1110 4928 3308 5140 -131. A powder horn a drinking cup made
1466 5140 3212 5304 29. b. of the large part of a Stagg or
3726 5146 4080 5212 0. 10. 0
3441 5323 3593 5375 S. B
1460 5342 2948 5468 Elks horn? Scripture histories carvd
1414 5570 3270 5716 -132. An ivory case an for the penis of
1040 5720 1236 5817 19 E
1406 5748 3286 5910 the inhabitants of Guinea part of
1396 5900 3336 6124 an ancient powder horn or snuff box
1376 6196 3244 6338 133. An Indian apron from Suriname wt.
614 6238 1052 6362 < 226
3310 6269 3802 6325 Vid Barrere
1406 6358 3256 6512 wch. the Indians cover themselves.
1018 6375 1258 6497 19 V
3301 6380 3600 6450 P. 194.
3814 6420 3976 6472 X
1388 6522 3294 6670 made of beads of glasse of sev.ll colours.
