4912 7360
2393 766 2990 864 out of water
2107 880 4303 1007 1934. Salt produced by melting Ice, taken
2125 1035 4345 1139 from under the Surface of the sea
1748 1196 4488 1324 199. b in Hudson's Streights, by Capt Christophr.
2154 1381 3975 1455 Middleton F.R.S in July 1738.
2184 1512 4333 1604 NB. out of Id LXXX [or pints] of this Water
2142 1656 4285 1759 he obtained by evaporation only Zvj
2148 1787 4327 1879 of this Salt. He said the salt is not
2136 1912 4375 2016 sensible to the tast in the water of
2125 2056 4411 2153 the melted Ice & yt they comonly boil
2125 2205 4345 2297 their Victuals in it. given by the Capt.
1849 2491 4476 2607 -1935. A piece of flowered weaved staffe made of grasse leaves
1291 2560 1797 2639 k 245.
2107 2659 3790 2738 from Angola worth there one Shilling.
1796 2694 2023 2768 19 g
1878 2873 4512 2971 -1936. A sort of flail or Bludgeon? used in Muscovy and
1540 2959 1898 3103 245. a
3402 2987 4351 3049 call'd there Knuttle
1462 3172 4548 3288 244. -1937. Tea root carv'd by the Chinese into sevll. old comicall figures
1880 3273 2077 3341 26 B.
1898 3387 4494 3467 -1938. A Mercuriall thermometer made by Mr. Bewley opposite to St.
2178 3518 4106 3610 Martins church in imitation of Mr. Reaumurs.
1916 3721 4363 3867 -1939. A crayfish, lizard & fly in metall made for ornaments in china?
1958 3845 2179 3932 19 f
1659 4025 3360 4147 19 m -1940. Hard sope from Smyrna?
1522 4240 3026 4458 19 m -1941. Another sort of it?
1928 4491 4441 4619 -1942. A piece of a vine sarment growing thro the hole of a
2310 4676 2530 4732 flint.
1981 4796 4476 4911 -1943 A Broacha from Spain, it is a swines skin the hair
3509 4903 3909 4965 or vessell
2083 4945 4482 5066 side inwards made into a large bag for bringing the
2095 5118 4136 5216 wines from the mountains on asses backs.
1886 5243 4429 5365 -1944. An India hatt made of the Lantor palm leaf
1486 5285 1772 5347 226.
2154 5428 4482 5610 280 -1945. A west Indian Kings crown made of the feathers
2184 5661 4065 5741 of the maccaw. Vid Barrere pag.195.
1802 5840 2906 5908 -1946. A large Javelin.
1802 5936 3820 6069 -1947. A necklace of small pieces of red corall
1904 6192 3145 6284 1948. ol. lign Sartal. citrin.
1957 6403 2865 6505 1949. ol. cinnamon?
