4912 7360
1248 715 3020 884 149. A Chinese blew watering pott.
3844 812 3922 866 13
3216 797 3318 918 S B.
906 831 1158 932 23 a
1370 841 3138 994 turquoise crackle tea pots hole at bottom. H 5 1/2 in
1220 1017 3168 1252 150. The model of the temple of the sepulcher
1324 1209 3112 1420 of our Lord Jesus Christ & of Mount
1028 1283 1168 1402 29 C.
410 1353 954 1482 ✓ 246
3336 1427 3656 1562 XXX
1304 1415 3150 1624 Calvary in Jerusalem - with an expli-
1328 1605 3178 1802 -cation of the same, beads, measures
3328 1673 3454 1798 S B.
1344 1793 1514 1926 &c.
638 2133 3400 2312 151. The model of the temple at Bethlem
3552 2241 4004 2380 5.7.6.
640 2313 1612 2446 ✓ 246 29. C. G. 4. G.
3224 2421 3796 2566 XXX S B.
608 2675 3204 2850 247. 152. A large shallow bason of serpen-
1360 2893 3164 3030 -tine stone, palegreen with black
1382 3089 2106 3222 spotts in it.
804 3453 2836 3658 247 153. An Ewer of the same.
970 3755 3102 3914 247. 154. A larger bason of the Same veined wt.
1298 3939 1910 4060 black veines.
3708 3953 4084 4076 3. 4. 6.
568 4133 2934 4360 247 155. An Ewer of the Same. C. G. 2. G- E
970 4495 3062 4636 247 156. The cover of a cupp of Serpentine-
1364 4669 3048 4834 Stone of a light colour with
1360 4859 2718 5012 black Spotts. Broken
588 5177 3176 5350 247. 157. A watering pott of Alabaster, white.
614 5481 3798 5638 247. 158. A small pott of white alabaster. Vid vid. antiquities
610 5797 998 5913 248 e
998 5777 3116 5903 159. A vessell of red earth of Madera or
1378 5929 1884 6060 Portugall.
994 6179 2110 6314 160. One of the same.
592 6237 1012 6311 248 e
1028 6411 1954 6535 161. A cover to it.
463 6490 925 6576 e 248.
1668 6549 2214 6639 wt. its cover & cane &
1034 6663 2046 6766 162 An Indian box
2046 6663 3172 6770 made of rushes died in
422 6693 800 6832 k 245
1396 6757 1752 6830 wch are.
1034 6855 1532 6949 163. An Indian girdle
1532 6841 3156 6951 of porcupines quills died.
