4912 7360
1856 808 4387 948 1972. Pur Tschai. Sin. Est Extractum foliorum
2166 963 4411 1121 Thoæ, quo post prandium aquâ tepida solutum
2184 1095 3873 1204 utuntur. From Do. No. 6. 209
1808 1381 4363 1515 1973. Ho jom. Lanugo Artemisiæcu Gossypio
1910 1548 4315 1682 209 et Nitro mixta, quâ Sinæad eliciendum
2190 1698 3981 1807 ignem utuntur. From Do. No. 9.
1820 2002 4285 2130 1974. Sera (a Lock) minutissima, quales Rustici
2166 2163 4297 2267 Casanensis Regni conficiunt. From Do : No : 10.
1599 2181 2011 2249 163 209
1856 2414 4429 2518 1975. Mercurius dulcis Sinensis. From Do. No. 12. 209
2083 2611 2250 2673 Four
1844 2700 4279 2804 1976. Pastills, or small perfumed Tapers, which
1543 2769 1678 2827 25
1665 2838 1862 2900 163
1259 2861 1480 2953 XX
2148 2861 3581 2935 are burn'd before the Idols.
1713 2969 1939 3037 304
2136 3178 3145 3258 -1977. Chineshish Ink. P 209
1886 3327 2148 3395 24 P.
1575 3429 4482 3568 163 1978. Samadri bead stones mark'd 31. P. Large black & white
2501 3602 3050 3658 agat beads?
1593 3661 1963 3735 199. e.
2190 3763 4405 3873 -1979. Sal ex aqua minerali Chiltenham. & terra alcalina
2214 4121 4088 4195 -1980. Suffimentum Surucum. from Dr. Amman.
1634 4195 1820 4253 244
1918 4372 4453 4481 -1981. A false pink colourd pearl. for a pendant or necklace.
2339 4557 3229 4631 from Dr. Mortimer.
2841 4700 3145 4780 & key
1928 4730 4411 4901 -1982. A wooden lock from Devonshire given me by Mr.
2208 4939 2775 5007 Padmore
1921 4987 3671 5162 -1983. A chaine made of. cherry stones.
2024 5199 2222 5266 19 f
1951 5243 4357 5496 -1984. A busto medall like of  Sr. Isaac Newton in plaister of
4160 5398 4488 5484 in library
2387 5482 4179 5627 Paris guilt given me by Mr. Batty Langley.
4179 5476 4494 5550 with Dr. Maty.
1928 5637 4548 5813 -1985. A busto of  Sr. Isaac Newton n plaister of Paris with Dr. Morton
1957 5840 4315 6087 -1986. A Busto of the Poet Virgil in plaister of Paris Do
1999 6174 4279 6350 -1987. A mask in plaister of Paris taken of the face of
4333 6246 4536 6314 Dr. Maty
3945 6359 4363 6475 Kilegrew
2351 6425 3879 6499 King Charles 2d. when dead for ____
