4912 7360
2094 641 4542 810 1989. A China plate whereon are enameld four sorts of the
2453 850 4572 1019 China fish kept in Jarrs by the Chinese for their
1963 916 2202 995 183
2453 1053 2912 1127 diversion.
1498 1130 1655 1213 X
2095 1351 4578 1485 -1990. An earthen standish for pens ink & sand adorned
2393 1530 4273 1628 wt. sevll. figures & German sentences &c.
1850 1620 2071 1682 249.
2310 1811 4381 1933 1991. An Instrument of painted Leather, probably
3854 1895 4010 1953 strong
2304 1960 4357 2076 to be bound round the Arm, with a Hook of
1969 2050 2178 2135 245.
2310 2103 4053 2213 wrought Iron to hang the Shield on.
1999 2330 4297 2434 1992. Another somewhat of ye same form, made
2310 2485 4273 2583 of Wood edged with Bone , & two Plates of
1820 2569 2113 2649 245.
2292 2653 3432 2774 Bone on ye conver side.
1963 2951 4220 3085 1993. An Instrument or weapon? (an for ye
2298 3118 4250 3198 whale Fishery?) of Iron , made of a Bar
1898 3226 2136 3323 245.
2262 3285 4267 3353 of Iron bent into an oblong quadrangular
2256 3446 4303 3526 form rivetted with three cross Bars of ye same
2262 3602 4309 3670 set close together: out of which runs a strong
2274 3769 4315 3849 tapering, angular & channel'd Spike somewt
2262 3930 3300 4010 like a Spear-point.
2280 4193 4339 4272 1994. Part of ye wood or Handle of an East Indian
2250 4366 4291 4446 Spear? It is of black wood , bound round in
1796 4453 2045 4518 245.
2262 4503 4244 4595 five separate places with Rings of Silver or
2883 4616 4315 4708 N.B.I afterwards found it to be part
2268 4670 2584 4726 Pewter.
2292 4766 3342 4828 of No. 154 of antiquities.
2256 4927 4220 5013 1995. A Creese, or Dagger or Poignard, the
2250 5094 4226 5168 Blade crooked of Steel the Handle and
2256 5255 4512 5347 Sheath of Cane ? japan'd black . an? IIII. vid.
1898 5548 4142 5627 1996. A Tobacco-pipe Boll of black Stone or
3092 5643 3497 5711 scallop'd
2268 5697 3862 5795 hard Earth, channel'd on ye outside
1739 5717 2095 5812 C 245.
2292 5918 4333 6004 1997. A Tobacco pipe Boll of grey Earth wrought
2262 6049 3891 6147 on ye outside, with the Edges broken.
1775 6070 2147 6148 C 245.
2280 6252 4333 6356 1998. A Tobacco pipe, the Boll of red Earth spangled
2268 6353 4357 6475 wth Mica aureœ , the stalk of white wood, ornamented
2268 6467 3903 6600 wth a Leather Thong Tassel & Buttons.
