4912 7360
3452 688 3812 824 Miscellanes
756 776 3368 915 216 N -179. A Sett of microscopes made by Mr
3400 846 4060 986 2. 3. 0
850 878 1086 972 27 b
1370 942 1792 1069 Wilson
1304 1306 3397 1495 216 a -180. A Sett of microscopes made by Mr
3397 1390 4022 1541 5. 7. 6.
1280 1516 1820 1641 21. q Mellin
1020 1908 3080 2045 -181. A Sett of microscopes made by Mr.
1678 2067 1741 2123 ch
1396 2090 3036 2275 27. b Mussen broock of Holland Sent
1392 2332 3144 2508 me from the prince of Orange by
2258 2470 2510 2537 brought by
1424 2498 2326 2651 Mr. Desmarets.
2326 2567 3088 2672 Bertirck when
1418 2650 3152 2787 sent over to compilernt K. James on his coming
1458 2776 2038 2866 to the crown.
1444 2884 3084 3058 C. 216 -182. A ballance for weighing the specific
1384 3058 3128 3259 21. q gravities of bodies in air & water,
1366 3258 3196 3447 made by Mr. Hauksbee. ye Elder
1304 3678 1982 3792 -183. An ink
1982 3687 3120 3835 case with a foot rule
1388 3846 3136 4059 compasses & place for a pen given
1376 4066 2270 4203 by Dr. Charlett.
1292 4426 3112 4621 -184. A cup of gray soft stone or past with
610 4523 888 4618 A.W.F
764 4596 924 4661 1853.
1348 4606 3064 4829 trees cutt on the pedestall from China
3524 4700 3976 4839 0. 2. 6
882 4814 1218 4923 216
3200 4886 3452 4945 Steatite
1464 4826 3134 5054 a litle broken on the edge bought
3220 4961 3602 5021 pierced net
3190 5017 3830 5077 work surrounding cup
1472 4972 2244 5107 of Mr. Pinfold.
2648 5038 2830 5168 H.5
1050 5300 3140 5499 -185. A small prospective glasse made by Campani
1428 5486 3024 5673 at Rome. given me by Mr. Loney.
718 5740 3068 5927 253 < -186. A pruning knife & saw from Legorn
1426 5918 2524 6085 given me by same.
1078 6177 3090 6337 -187. A dagger blade Damaskin'd & inlaid wt.
1332 6345 4020 6457 gold from the same. Sett in a black marble haft vid Agget
2296 6478 3172 6608 Handles No. 147.
598 6534 2222 6729 < 245. a -188. An Italian Stiletto.
3224 6660 3351 6716 X
760 6758 2102 6909 20 f -189. A Scotch Whinger.
3204 6827 3312 6882 X
