4912 7360
2877 647 3127 721 brown
2399 713 4226 840 1999. A Purse of brown tan'd Leather , on a foot or
2393 886 4226 989 Stand, ornamented with Leather cut small.,
2023 945 2244 1037 245
2393 1023 4178 1127 as the ornaments of 1998: suspended upon
2095 1083 2333 1168 19 R.
2381 1148 2560 1216 wove
2381 1154 4166 1300 a Girdle of ye same, wth large Buttons at
2381 1304 4136 1425 ye Ends. It contains cutt Tobacco. An?
2381 1471 3283 1568 from North America.
2029 1781 4142 1867 2000. A Necklace, or Garter of Leather and
1850 1912 4065 2034 245 28. C. parts of small Conche veneris sew'd on it.
2811 2002 3396 2058 (much damaged.
2011 2241 4154 2315 2001. An octangular plate of Crystal-Glass
2110 2377 2366 2440 26. Cab.
1838 2402 3306 2506 244. g mark'd formerly 624.
2495 2557 4142 2625 N.B. The preceding numbers, from
2501 2688 4154 2744 1991. inclusive, are probably enterd already
2501 2808 4136 2876 in this Catalogue: but their numbers of Entry
2495 2915 3933 2977 being lost, they are here enterd anew.
2035 3178 4112 3252 2002. A Chinese figure in Alabaster or Paste
1975 3321 4184 3443 300. of a man sitting, with a Roll in his right
2113 3482 4154 3580 26. Hand, & with his left playing wth a Dog.
4407 3537 4525 3639 X
1653 3793 2013 3861 A.W.F.
2013 3763 4267 3843 2003. another Do. Sitting, with a Chaplet of Beads
1748 3846 1892 3914 1853
2157 3906 3897 3988 26. in his right hand Steatite. H. 3 1/8.
4548 4049 4629 4129 X
1540 4073 4536 4302 <245. -2004. A larger Chinese stillyed of a black wood given me by Mr.
2447 4396 2805 4458 Haynes
1617 4491 4399 4666 99 24. -2005. Cloath made in China of paper wove & painted
4437 4574 4536 4650 X
2035 4730 4381 4923 2006. The impression of a seal taken from a letter on
3014 4736 3348 4816 red wax
2513 4897 4363 5072 lead by only compression of the stroke of a
2005 4969 2292 5025 209.
1957 5082 2250 5144 27 C.
2489 5189 2883 5251 hammer.
2011 5297 4476 5454 2007. A turbinated small shell made into an ear pendant.
1939 5470 2190 5526 28 C.
3378 5530 3838 5616 double-rockets
2071 5613 4399 5711 2008. Auricules, white thorn flowers, a tulip &. in Shell work
2530 5751 4244 5866 by Mrs. Waters sett in a vase wt. Festoons.
2053 5942 4423 6045 2009. A mask of  Charles 2d face from  Mr. Killigrew 1987.
2823 6091 3784 6177 , Oliver Cromwell.
2053 6109 2435 6189 2010. _________
2029 6383 3682 6463 2011. Wrestlers in Plaister form.
