4912 7360
888 686 3180 865 19 g 190. Very Small Shears of steel for shearing
3872 755 3934 869 16
1410 878 1742 1025 Sheep.
396 1206 2342 1351 k 244 p 191. A Chinese pencil.
3634 1280 4030 1429 0. 1. 0.
947 1368 1147 1422 24
1148 1498 3484 1681 -192.A Single microscope made by Mr. Wilson
3484 1570 4048 1705 0. 1. 6.
1110 1818 3208 1979 193. An ovall screw'd box of a Small coconutt
1400 2004 2020 2127 216. a. variegated.
1348 2274 3176 2459 -194. A brasse microscope for seeing objects
1456 2476 3200 2651 in a drop of water invented, made,
2468 2646 2588 2705 Ste
1424 2704 3208 2841 216. a. & given me by Mr. Gray of Canter=
1396 2902 1660 3021 =bury
888 3224 2966 3371 245. 195. A lignum vite box for catechu
1058 3380 1158 3473 19 f.
734 3520 3074 3685 27 b. 199 a. 196. An artificiall eye made by Verle.
1130 3840 3082 3995 245. a. 197. A french leather tasse or cup to -
1448 4054 2788 4187 fold & lye in the pocket.
606 4198 706 4317 X
484 4366 2402 4513 < 245. 198. A cake of China ink.
1062 4648 1662 4775 199. Another.
724 4890 1702 5031 24 P. 200. Another.
1042 5162 3128 5345 201. A small racquelte & small shoe made
1392 5391 3106 5531 by the Savages of Canada wt. wch.
810 5398 982 5535 k 245
1392 5548 3178 5739 they walk on the snow. Sent by
3402 5668 3598 5733 X
1416 5770 2308 5911 Mr. Villarmont?
1040 6112 2117 6208 202. The same. 209
548 6156 736 6220 226.
886 6220 1138 6303 19 X
1002 6343 3052 6516 < 245. 203. An Indian purse made by the Huron
996 6511 3180 6667 19 W Savages of Canada with the crin or hair
3275 6610 3417 6707 X
1290 6652 3082 6805 of the Orignac wch. they dye with roots
1276 6772 3106 6905 & in wch. they bind their hair when they
