4912 7360
2262 748 4297 852 2012. An Instrument or Whisk for cleaning Pictures, China &c.
2262 850 4238 948 made of ye Indian Cow's Tail dy'd of red, yellow &c: with a turn'd
1419 880 1747 946 < 245
2250 951 4184 1055 wood Handle (whose old Entry is not found.) vid. Miscell No. 12
4390 1059 4457 1121 X
2256 1101 3581 1180 Vid Quadrupes. No. 1408
2232 1268 4250 1395 2013. A new invented weather machine from
1474 1357 1784 1443 216. a
2387 1423 2936 1491 Nurenberg
1945 1596 4154 1706 2014. A busto of  Q. Elizabeth in gold wt. a pearl & enameld
1540 1674 1760 1759 161.
4285 1757 4389 1861 X
2310 1817 4148 1903 flowers round it carved from a medell of hers round
2333 1960 4011 2064 wch. head side, ditior in toto non alter circulus
2286 2163 2847 2225 orbe. R. M.
1993 2396 4082 2500 2015. An Indian apron formerly 920. made of bugles
1951 2557 2345 2619 199. e
2429 2587 3127 2691 of divers colours
1882 2766 3641 2870 209. 2016. Two bustos on mother of pearle.
1969 2897 2196 2947 27 C.
2037 3005 3420 3108 2017. A modell of a wheel for
3791 3033 4136 3097 Dr. Hook?
1625 3088 1916 3156 253 <
3629 3172 4011 3228 said to be
2005 3291 4435 3443 2018. A knife & fork the handles of Hippopotamus
1551 3435 1886 3502 216. a
3294 3458 4154 3526 the sheath 20 L.
2560 3500 2859 3568 teeth
1922 3524 2196 3580 20 L.
2029 3637 4423 3777 2019. A Dragon made of a rays skin from Holland.
1609 3731 1785 3794 215
2065 3918 4453 4081 2020. Agards pills for the gout one pill every night &
1617 4055 1784 4117 216. a
2369 4109 4309 4213 every other night till 12 are taken at 2 sh
2107 4139 2304 4195 19 M
2387 4234 4315 4344 a box in wch. Six. One pill gave a fever &
2393 4425 4142 4511 hypercelthartis wt. dangerous symptoms
2041 4622 4494 4714 2021. A trumpet in Guinea used by the inhabitants of an ele
1449 4691 1946 4779 b 245.
2250 4772 4464 4840 phants tooth on wch. are engraved the lacerta squammosa
2256 4855 4512 4965 an elephant, Hippopotamus Lion, goat & unicorn, a hare
2262 5016 4458 5132 beaver & duck a sword on a bores head, a dragon & some plants
1390 5038 1706 5099 XX
1862 5070 2208 5144 on a wheel
2256 5130 4441 5251 plants, This was afterwards turnd to a drinking cup with
2256 5279 4053 5371 these lines, drink you. This & think no Scorne
1825 5308 2050 5510 A.W.F
2733 5380 4512 5490 & though the cup be much like a horne. 1599. fines
2220 5554 3247 5621 from Ireland by Mr. Adams
1999 5786 4106 5896 2022. A block of box whereon is engraved Ascyrum
1673 5788 1938 5857 245 a
2250 5924 4106 6033 &c. in here Valgrisis large edition of Matthiolus
1540 6050 1633 6127 X
1685 6052 1907 6120 244. d
1999 6097 4464 6248 2023. A spoon made of the great E. India green shining snail shell from
1482 6200 1616 6281 X
1605 6204 1902 6319 28 b.
2393 6216 2690 6278 China
3001 6274 4082 6415 open mouthd Concha Persia from the
2029 6270 2268 6326 2024.
2435 6347 2847 6439 the same.
2059 6437 2704 6517 2025. Another.
