4912 7360
984 652 2652 867 204. Crin d'Orignac or hair of
3877 795 3962 860 17
1710 867 1866 928 dyed
1384 891 3152 1145 wt. wch. the Hurons savages of Canada
1020 996 1114 1131 245
1376 1075 2516 1293 make Severall utensills.
1248 1284 1562 1373 a double
998 1380 1957 1489 Cord made of
2385 1430 3110 1553 the nerves of
1308 1558 3040 1783 204* the Orignac wch. is the thread wt
652 1724 974 1867 216. C
1018 1802 3092 1967 29 b. wch. they Sow & adjust the heads
1344 2002 2242 2153 of their arrowes.
1032 2309 3120 2554 205 A brasse tobacco pipe bole with a per=
422 2516 880 2679 C 245.
1344 2494 3028 2741 forated cover & stalk of Severall
485 2654 592 2719 <
1356 2680 2500 2901 pieces of wood & ivory.
446 3040 3056 3259 C 245. 206. An earthen white tobacco pipe boll
439 3175 589 3236 <
1370 3256 3056 3467 adjusted to a very long reed stalk
1386 3466 3112 3677 painted of green & severall streaks
1492 3684 2222 3851 of Sevll. colours.
588 3982 3090 4263 245 207. The Stalk of another tobacco pipe of
1370 4216 2946 4443 reeds painted of green & red.
796 4566 3068 4753 C 245. 208. A white earthen tobacco pipe bole
1398 4752 3112 4955 with raised work adjusted to a
562 4764 704 4821 <
1406 4962 3162 5137 stalk of reeds painted red & white
1380 5146 2200 5293 & black streaks.
1006 5400 3090 5569 C 245. 209. A white earthen tobacco pipe boll wt.
506 5570 594 5640 <
1374 5594 3054 5757 a reed Stalk of a brown colour
1356 5784 3112 5949 sett off wt. brasse plates covered wt.
1372 5980 2072 6133 glasse beads.
1388 6218 3168 6397 k 245. 210. A very large tobacco pipe boll of white
399 6407 493 6459 <
1408 6416 3138 6587 Stone? or earth, with a large cane
1408 6620 3138 6843 Stalk painted of Severall colours.
3731 6634 3920 6755 X
