4912 7360
2092 677 4226 834 2026. pills famous for curing the stone an Mathews pills
1766 868 4267 1037 199 b 2027. A stone said to be a bufonites but is a glasse from
2447 1005 3581 1085 the bottom of a lime kiln
1754 1232 4291 1413 216 n 2028. a bone boke in for the hair wt. the busto
1963 1423 2250 1503 19. C.
2375 1447 3265 1521 of a woman on it.
1617 1668 4309 1837 C. 245 2029. The bole of a tobacco pipe or Calumet from
2572 1883 4345 1962 Mr. Ranby made of white earths Arrays?
1540 2068 3533 2177 C. 245 2030. The same dyed yellow.
1743 2271 3682 2404 216. n 2031. Indian spoons made of shells?
2115 2414 4369 2615 2032. Glasse from the bottom of a tile limekiln.
3265 2533 3706 2619 the handle
1743 2611 4321 2888 252 2033. An ancient Battle ax in laid wt. mother of
2542 2784 3533 2935 pearl &. harts horn.
2114 3082 4363 3204 2034. St. Hubard wt. a Stage on his horn
2029 3351 4333 3473 2035. A pane fasshioned piece of Iron
1700 3502 2117 3588 199 c
2065 3560 4214 3664 hollow Solid about the thickness
2059 3751 4190 3837 of half an inch wch. had extracted
2053 3900 4315 4040 gravel sand & shells from the coast
2035 4127 4321 4231 of Holland taken up and given
2077 4354 3426 4422 me by Dr. Stack
2059 4551 4363 4678 2036. The delf Potters Glaze being
1874 4778 2068 4847 30. C.
2068 4760 4381 4863 a mixture of Lead. tinn sand & kelp
1636 4871 1971 4945 199 a
2053 4921 4345 5048 melted together Qr. Whether this body
2077 5088 4220 5216 is not like China ware. from
3384 5249 4011 5341 Mr. Paine
2047 5339 4351 5448 2037. This was some Indian Instru=
2107 5470 4333 5586 ment ye hole drilld thorow it is done
2130 5643 4303 5747 very true smooth & even I suppose
2113 5780 4297 5902 they fixed a litle flint in the end of a
2107 5888 4261 6039 stick by which they drilled ye hole
2119 6103 4291 6224 thorow I found it in this shape so
2107 6228 4327 6356 you may guess as well as I have it was
2125 6365 4381 6499 made & what use it was desighned for
2148 6485 3468 6600 from Dr. Bartram.
