4912 7360
608 649 3016 885 245. 211. A wooden arrow wt. out the head.
3870 801 3961 854 18
1016 951 3150 1233 212. A reed made into a writing pen.
412 1321 3044 1553 < 245 -213. A cake of Chinese or Indian ink.
965 1438 1290 1508 24 O.
3184 1570 3273 1626 X
968 1665 2666 1907 -214. Another cake of Indian ink.
3126 1860 3260 1916 X
436 1979 3120 2161 < 245. c -215. A piece of Chinese sealing red wax.
1013 2119 1313 2180 19 m
996 2305 3108 2503 -216. Two hemispheres of red earthen
1400 2481 3112 2699 ware? with a cupid embossed on
3263 2634 3466 2720 X
1404 2677 3184 2899 each of them & some words wrote
1388 2875 1872 3017 on them.
1014 3175 3076 3339 -217. A pair of beads. made of a small-
3374 3323 3576 3412 X
506 3375 2770 3517 < k 245 29 b. variegated palm fruit?
1026 3735 3124 3901 -218. A candle made of the berries of a
1382 3921 2538 4073 tree from Carolina.
964 4185 2615 4347 219. A China chapstick of ivory
2615 4192 3124 4327 cutt &
1496 4345 4104 4457 painted over. Quaittsëë vid du Hald. p. 17. tom. 2
960 4557 3146 4693 220. Another With 2 of these held between
960 4721 3074 4919 their thumb & fingers they take up
3312 4734 3503 4801 X
1352 4935 3140 5029 their meat & convey it to their-
1358 5049 3884 5194 mouths. Vid Thevenot Voyages tom. 2. pag. 12 of
1952 5191 3894 5312 P. Gruclar Petits bastons de bois qui Servent
1708 5281 2764 5352 an lieu de fourchattes.
588 5368 3116 5517 B < 226. -221. A Baskett or halt made of cane Splitt &
1412 5537 3166 5679 palm leaves sent me by Mr. Cunning=
1376 5729 2268 5853 =ham from China.
1034 5952 3526 6101 -222. Indian writing upon palm leaves. Malabar?
434 6067 1404 6169 < k 245 21 m.
978 6253 3124 6429 < 245 -223. An Indian purse made of rushes dyed
1160 6419 2200 6533 19 W red & brownish?
748 6609 3016 6779 244 -224. An Indian baskett & cover made of
1412 6757 2830 6915 rushes, greenish black & red.
