4912 7360
2142 802 4297 936 The broad end of an Indian hatchet?
2130 1023 2787 1115 a porentus
1951 1232 4309 1419 2038. The head of an arrow made of
2071 1441 4327 1551 white sparr, from Penslvany br
1798 1576 2116 1679 28 b
2089 1626 4399 1759 Dr. Bartram wt. the following remark
2089 1871 4333 1974 The thin white stone is an Indian
2107 2068 4357 2177 arrow point as small & neat one as most
2125 2288 4250 2374 for which reason I sent it. it would
2125 2515 4315 2607 push an europian to make such an
2130 2694 4196 2774 one wt. only a couple of stone?
2107 2933 4351 3031 2039. Part of an dart arrow found in a cave in Minorca
1719 3023 1981 3091 245
2244 3082 4297 3198 wt. an iron head & iron sharp pins wch. upon opening
2268 3202 4315 3299 divide to hinder its being drawn out likely from
2292 3357 3241 3449 the Moors in Barbary
2638 3518 4339 3604 2040. a Cradle wt. a pair of Shoes from Hudsons
2089 3679 2373 3754 19x
2373 3655 3963 3765 Bay from by Mr. Cotts Surgeon
2130 3817 4321 3938 2041. A Leather , Stocking adorn'd wt. the claws
2053 3996 4345 4099 of Beaver & quills of birds & the Porcupine
2032 4002 2236 4068 19x
1641 4049 1922 4123 < 245
2160 4163 3832 4290 white & red from the same
2154 4455 2990 4559 2042. Another.
2023 4712 3981 4780 2043. A belt adorn'd wt. the same.
3981 4813 4309 4905 2 sorts of
2142 4915 4291 5031 2044. A purse made of 2 feet of water
2280 5100 3390 5180 fowl from the same
2130 5291 4369 5436 2045. Indian scalp from Hudsons Bay
1754 5369 1987 5436 218
2220 5464 4238 5633 adorn'd bird & Porcupines quills
1585 5626 1718 5681 X
2130 5727 4250 5860 2046. A Shovell head of oak found 40
2393 5882 2542 5938 deep
2166 5912 4291 6045 Foot in the Mine called Trelogan (an old
2142 6061 4321 6171 Roman works) in Flintshire: The Miner
2154 6216 4106 6314 happen'd to break it with his Pick, wch:
2160 6336 4226 6469 occasion'd its being mended wt. Tin. . .
2154 6377 4327 6565 It had a long shaft or handle that was join'd
2154 6455 4381 6660 to it by going into a hole & fastened at its short.
