4912 7360
559 618 3155 932 245. 225. The head of a dart of fish bone
3821 723 3976 958 19
849 836 3076 1111 28 C with a notch in it from the
3594 932 4024 1079 0. 1. 0
1397 1002 3166 1358 Streights of Magellan. Mr. Handisyd
625 1397 3096 1666 245. 226. The same with five notches or beards
3599 1501 4041 1647 0. 1. 0.
877 1585 1253 1754 28 C
1406 1590 2779 1902 in it. from Mr. Handisyde
538 1890 2875 2198 245 227. A tobacco pipe boll of red clay.
1002 2078 1423 2330 207 LL.
546 2243 3113 2548 245 228. A large square white earthen tobacco
1028 2460 1261 2629 19 O
1389 2449 3135 2799 pipe boll, channelld on the outside.
1007 2903 3126 3229 229. Something like long pepper made
530 2991 1283 3258 245. a. 19. O.
1381 3148 3001 3443 of plaister of paris, starch &c ?
929 3530 3145 3828 -230. The head of an arrow made of yellow
1446 3749 1790 4012 flint.
936 3753 1279 3994 28 B
985 4119 3128 4380 -231. An ovall piece of white wax? with the
538 4172 979 4386 245. a
1347 4286 3045 4528 holy lamb on one side round wch.
1021 4447 3138 4730 29 a Ecce Agn. Dei qui tol. pecc. Mundi.
1427 4635 3066 4877 Exerque Innoc. 12. M. A. Jub.
1440 4798 3131 5054 1700. . St. Christopher. round wch.
1425 4966 2555 5250 Sanctus Christophorus.
1003 5248 2405 5554 232. Savon de Prusse. D.
969 5647 3112 5957 -233. Sacharum ros. made in Portugall by ye.
1380 5849 2361 6170 Nuns? Catechu?
992 6109 3152 6420 234. An arrow head of white flint used
1376 6330 3189 6570 in former times in Scotland & there
870 6369 1192 6646 28
1376 6490 3199 6764 called now Elfs arrows said to be
1389 6684 3078 6899 shott into cattle by witches or elves.
