4912 7360
1910 713 4166 852 & broad end from, Mr. Mason see No. 1783.
1450 993 4208 1133 < 199. e 2047 An artificall spike of Barley in
1838 1202 2085 1270 19 g.
2085 1202 2954 1288 copper wire :
1414 1536 4106 1634 <199. c. 2048. Ten sevll :habits tending to the
1772 1733 4160 1819 29 b. Religious orders from Flanders
4225 1830 4390 1948 XX
2154 1924 3366 1992 from Mrs. Edwards
1832 2211 4196 2321 2049 Sevll : flowers made of Shells from
2154 2402 3653 2470 Cornwall from  Mr Bell.
1384 2712 4333 2846 199. b. 2050 A brasse plate wt. Chinese charaters
2166 2933 3915 3007 W&t a sink file in the midle
2190 3184 4285 3282 2051. A Guinea purse stain'd wt. bars of
1420 3285 1569 3341 199. C
1844 3333 2113 3431 19 W.
2184 3417 3318 3473 an orange colour.
1832 3620 3533 3711 2052. brown colour'd Plaister
1410 3623 1662 3683 199 e
1802 3733 2065 3789 19 m
1832 3894 4279 3968 2053. A piece of amber wt. a Lyon carv'd
1450 3930 1677 3986 199 e
2154 4103 2542 4159 on it.
1868 4336 4130 4434 2054. The figure of Three Children
1450 4372 1778 4440 199 e
1862 4539 4196 4643 27 b carv'd in Ivory in the posture in
1398 4540 1626 4687 A.W.F.
1499 4612 1663 4733 1853.
2166 4688 4321 4816 wch. They lay it being impossible
2154 4885 4369 4995 to deliver the woman from Holland
2190 5088 4309 5269 2055. Mr. Dandridges white Gun-powder
1796 5249 2035 5311 19 k
2190 5291 4136 5460 composed of 8 parts salt peter, 5.
2178 5476 4399 5663 parts loaf sugar finest 1 part Sulphur
4009 5746 4172 5807 um
2232 5780 4339 5890 2056 A Brume made of the adiant
2220 5971 4166 6081 aurum majus from Lancashire
