<?xml version="1.0" encoding="UTF-8" standalone="yes"?>
<PcGts xmlns="http://schema.primaresearch.org/PAGE/gts/pagecontent/2013-07-15" xmlns:xsi="http://www.w3.org/2001/XMLSchema-instance" xsi:schemaLocation="http://schema.primaresearch.org/PAGE/gts/pagecontent/2013-07-15 http://schema.primaresearch.org/PAGE/gts/pagecontent/2013-07-15/pagecontent.xsd">
    <Metadata>
        <Creator>Transkribus</Creator>
        <Created>2023-03-11T16:12:51.572Z</Created>
        <LastChange>2023-04-18T17:11:51.322+02:00</LastChange>
        <TranskribusMetadata docId="1360439" pageId="53217534" pageNr="40" tsid="118694421" status="GT" userId="10603" imgUrl="https://files.transkribus.eu/Get?id=QXSRAEKJLMTTIHJZTVTCVEZE&amp;fileType=view" xmlUrl="https://files.transkribus.eu/Get?id=TPRCZJUJMSIODUXJCGJSNEHG" imageId="43210566"/>
    </Metadata>
    <Page imageFilename="0040_EPF108491020v.tif" imageWidth="4912" imageHeight="7360">
        <ReadingOrder>
            <OrderedGroup id="ro_1717685695240" caption="Regions reading order">
                <RegionRefIndexed index="0" regionRef="tr_1"/>
                <RegionRefIndexed index="1" regionRef="tr_3"/>
                <RegionRefIndexed index="2" regionRef="tr_2"/>
            </OrderedGroup>
        </ReadingOrder>
        <TextRegion id="tr_1" custom="readingOrder {index:0;}">
            <Coords points="1480,794 4321,791 4321,2182 1480,2185"/>
            <TextLine id="tr_1_tl_1" custom="readingOrder {index:0;}">
                <Coords points="1934,862 2017,868 2107,868 2196,862 2286,862 2375,862 2465,856 2554,856 2644,850 2733,844 2823,832 2912,826 3002,820 3092,814 3181,808 3271,802 3360,802 3450,802 3539,796 3629,796 3718,796 3808,802 3897,814 3987,814 3987,864 3897,864 3808,852 3718,846 3629,846 3539,846 3450,852 3360,852 3271,852 3181,858 3092,864 3002,870 2912,876 2823,882 2733,894 2644,900 2554,906 2465,906 2375,912 2286,912 2196,912 2107,918 2017,918 1934,912"/>
                <Baseline points="1934,907 2017,913 2107,913 2196,907 2286,907 2375,907 2465,901 2554,901 2644,895 2733,889 2823,877 2912,871 3002,865 3092,859 3181,853 3271,847 3360,847 3450,847 3539,841 3629,841 3718,841 3808,847 3897,859 3987,859"/>
                <TextEquiv>
                    <Unicode>2057. A Hygromëter made in the</Unicode>
                </TextEquiv>
            </TextLine>
            <TextLine id="tr_1_tl_2" custom="readingOrder {index:1;}">
                <Coords points="1569,1041 1605,1041 1695,1035 1784,1023 1874,1017 1963,999 1963,1049 1874,1067 1784,1073 1695,1085 1605,1091 1569,1091"/>
                <Baseline points="1545,1082 1605,1086 1695,1080 1784,1068 1874,1062 1963,1044"/>
                <TextEquiv>
                    <Unicode>&lt; 199.</Unicode>
                </TextEquiv>
            </TextLine>
            <TextLine id="tr_1_tl_3" custom="readingOrder {index:2;}">
                <Coords points="2172,1071 2250,1077 2339,1071 2429,1065 2518,1065 2608,1059 2698,1047 2787,1041 2877,1041 2966,1035 3056,1029 3145,1023 3235,1011 3324,1011 3414,1011 3503,1011 3593,1011 3682,1017 3772,1023 3862,1029 3951,1041 4041,1053 4130,1059 4220,1065 4220,1115 4130,1109 4041,1103 3951,1091 3862,1079 3772,1073 3682,1067 3593,1061 3503,1061 3414,1061 3324,1061 3235,1061 3145,1073 3056,1079 2966,1085 2877,1091 2787,1091 2698,1097 2608,1109 2518,1115 2429,1115 2339,1121 2250,1127 2172,1121"/>
                <Baseline points="2172,1116 2250,1122 2339,1116 2429,1110 2518,1110 2608,1104 2698,1092 2787,1086 2877,1086 2966,1080 3056,1074 3145,1068 3235,1056 3324,1056 3414,1056 3503,1056 3593,1056 3682,1062 3772,1068 3862,1074 3951,1086 4041,1098 4130,1104 4220,1110"/>
                <TextEquiv>
                    <Unicode>Garmany in the form of a House</Unicode>
                </TextEquiv>
            </TextLine>
            <TextLine id="tr_1_tl_4" custom="readingOrder {index:3;}">
                <Coords points="1910,1333 1999,1333 2089,1327 2178,1321 2268,1321 2357,1315 2447,1315 2536,1315 2626,1315 2715,1315 2805,1321 2895,1321 2984,1315 3074,1321 3163,1315 3253,1315 3342,1310 3432,1310 3521,1310 3611,1315 3700,1315 3790,1327 3879,1333 3969,1345 4059,1357 4148,1363 4238,1369 4321,1369 4321,1419 4238,1419 4148,1413 4059,1407 3969,1395 3879,1383 3790,1377 3700,1365 3611,1365 3521,1360 3432,1360 3342,1360 3253,1365 3163,1365 3074,1371 2984,1365 2895,1371 2805,1371 2715,1365 2626,1365 2536,1365 2447,1365 2357,1365 2268,1371 2178,1371 2089,1377 1999,1383 1910,1383"/>
                <Baseline points="1910,1378 1999,1378 2089,1372 2178,1366 2268,1366 2357,1360 2447,1360 2536,1360 2626,1360 2715,1360 2805,1366 2895,1366 2984,1360 3074,1366 3163,1360 3253,1360 3342,1355 3432,1355 3521,1355 3611,1360 3700,1360 3790,1372 3879,1378 3969,1390 4059,1402 4148,1408 4238,1414 4321,1414"/>
                <TextEquiv>
                    <Unicode>2058. A Harlequins sword the handle of wch :</Unicode>
                </TextEquiv>
            </TextLine>
            <TextLine id="tr_1_tl_5" custom="readingOrder {index:4;}">
                <Coords points="1665,1512 1754,1512 1844,1512 1934,1506 2023,1501 2113,1489 2202,1477 2292,1471 2381,1465 2471,1459 2560,1453 2650,1447 2739,1453 2829,1447 2918,1447 3008,1441 3098,1447 3187,1441 3277,1447 3366,1447 3456,1447 3545,1453 3635,1459 3724,1471 3814,1477 3903,1495 3993,1501 4082,1518 4172,1530 4238,1530 4238,1580 4172,1580 4082,1568 3993,1551 3903,1545 3814,1527 3724,1521 3635,1509 3545,1503 3456,1497 3366,1497 3277,1497 3187,1491 3098,1497 3008,1491 2918,1497 2829,1497 2739,1503 2650,1497 2560,1503 2471,1509 2381,1515 2292,1521 2202,1527 2113,1539 2023,1551 1934,1556 1844,1562 1754,1562 1665,1562"/>
                <Baseline points="1665,1557 1754,1557 1844,1557 1934,1551 2023,1546 2113,1534 2202,1522 2292,1516 2381,1510 2471,1504 2560,1498 2650,1492 2739,1498 2829,1492 2918,1492 3008,1486 3098,1492 3187,1486 3277,1492 3366,1492 3456,1492 3545,1498 3635,1504 3724,1516 3814,1522 3903,1540 3993,1546 4082,1563 4172,1575 4238,1575"/>
                <TextEquiv>
                    <Unicode>&lt; 245 made in imitation of the neck of a</Unicode>
                </TextEquiv>
            </TextLine>
            <TextLine id="tr_1_tl_6" custom="readingOrder {index:5;}">
                <Coords points="2172,1626 2262,1626 2351,1620 2441,1614 2530,1614 2620,1614 2710,1614 2799,1602 2889,1608 2978,1602 3068,1602 3157,1602 3247,1602 3336,1608 3426,1608 3515,1608 3605,1614 3694,1620 3784,1632 3873,1638 3963,1644 4053,1656 4142,1662 4232,1668 4279,1668 4279,1718 4232,1718 4142,1712 4053,1706 3963,1694 3873,1688 3784,1682 3694,1670 3605,1664 3515,1658 3426,1658 3336,1658 3247,1652 3157,1652 3068,1652 2978,1652 2889,1658 2799,1652 2710,1664 2620,1664 2530,1664 2441,1664 2351,1670 2262,1676 2172,1676"/>
                <Baseline points="2172,1671 2262,1671 2351,1665 2441,1659 2530,1659 2620,1659 2710,1659 2799,1647 2889,1653 2978,1647 3068,1647 3157,1647 3247,1647 3336,1653 3426,1653 3515,1653 3605,1659 3694,1665 3784,1677 3873,1683 3963,1689 4053,1701 4142,1707 4232,1713 4279,1713"/>
                <TextEquiv>
                    <Unicode>fowl &amp; the Broad blade of a Lime tree</Unicode>
                </TextEquiv>
            </TextLine>
            <TextLine id="tr_1_tl_7" custom="readingOrder {index:6;}">
                <Coords points="2829,1698 2883,1698 2972,1698 3062,1698 3151,1698 3241,1692 3330,1680 3420,1680 3420,1730 3330,1730 3241,1742 3151,1748 3062,1748 2972,1748 2883,1748 2829,1748"/>
                <Baseline points="2829,1743 2883,1743 2972,1743 3062,1743 3151,1743 3241,1737 3330,1725 3433,1722"/>
                <TextEquiv>
                    <Unicode>given me by</Unicode>
                </TextEquiv>
            </TextLine>
            <TextLine id="line_1679942848047_67" custom="readingOrder {index:7;}">
                <Coords points="1760,1853 1838,1847 1928,1835 2017,1823 2028,1821 2028,1871 2017,1873 1928,1885 1838,1897 1760,1903"/>
                <Baseline points="1760,1898 1838,1892 1928,1880 2017,1868 2028,1866"/>
                <TextEquiv>
                    <Unicode>board</Unicode>
                </TextEquiv>
            </TextLine>
            <TextLine id="line_1679942848047_66" custom="readingOrder {index:8;}">
                <Coords points="2028,1821 2107,1811 2196,1811 2286,1805 2375,1799 2465,1799 2554,1793 2644,1793 2733,1787 2823,1787 2912,1781 3002,1775 3092,1781 3181,1775 3271,1769 3360,1769 3450,1775 3539,1775 3629,1781 3718,1787 3808,1793 3897,1805 3987,1811 4076,1823 4166,1829 4256,1841 4256,1891 4166,1879 4076,1873 3987,1861 3897,1855 3808,1843 3718,1837 3629,1831 3539,1825 3450,1825 3360,1819 3271,1819 3181,1825 3092,1831 3002,1825 2912,1831 2823,1837 2733,1837 2644,1843 2554,1843 2465,1849 2375,1849 2286,1855 2196,1861 2107,1861 2028,1871"/>
                <Baseline points="2196,1856 2286,1850 2375,1844 2465,1844 2554,1838 2644,1838 2733,1832 2823,1832 2912,1826 3002,1820 3092,1826 3181,1820 3271,1814 3360,1814 3450,1820 3539,1820 3629,1826 3718,1832 3808,1838 3897,1850 3987,1856 4076,1868 4166,1874 4256,1886"/>
                <TextEquiv>
                    <Unicode>varnish'd from Capt: Hebden wt : King</Unicode>
                </TextEquiv>
            </TextLine>
            <TextLine id="tr_1_tl_9" custom="readingOrder {index:9;}">
                <Coords points="2095,1942 2130,1942 2220,1930 2310,1918 2399,1912 2489,1918 2578,1918 2668,1918 2757,1918 2847,1918 2936,1912 3026,1912 3026,1962 2936,1962 2847,1968 2757,1968 2668,1968 2578,1968 2489,1968 2399,1962 2310,1968 2220,1980 2130,1992 2095,1992"/>
                <Baseline points="2095,1987 2130,1987 2220,1975 2310,1963 2399,1957 2489,1963 2578,1963 2668,1963 2757,1963 2847,1963 2936,1957 3026,1957"/>
                <TextEquiv>
                    <Unicode>Charles's Letter</Unicode>
                </TextEquiv>
            </TextLine>
            <TextLine id="tr_1_tl_10" custom="readingOrder {index:10;}">
                <Coords points="1623,2127 1653,2121 1743,2121 1832,2109 1922,2097 2011,2091 2101,2085 2190,2074 2280,2068 2369,2062 2459,2062 2548,2068 2638,2068 2727,2068 2817,2068 2906,2068 2996,2056 3086,2062 3175,2056 3265,2056 3354,2056 3444,2056 3533,2062 3623,2062 3712,2062 3802,2068 3891,2074 3981,2085 4070,2085 4070,2135 3981,2135 3891,2124 3802,2118 3712,2112 3623,2112 3533,2112 3444,2106 3354,2106 3265,2106 3175,2106 3086,2112 2996,2106 2906,2118 2817,2118 2727,2118 2638,2118 2548,2118 2459,2112 2369,2112 2280,2118 2190,2124 2101,2135 2011,2141 1922,2147 1832,2159 1743,2171 1653,2171 1623,2177"/>
                <Baseline points="1623,2172 1653,2166 1743,2166 1832,2154 1922,2142 2011,2136 2101,2130 2190,2119 2280,2113 2369,2107 2459,2107 2548,2113 2638,2113 2727,2113 2817,2113 2906,2113 2996,2101 3086,2107 3175,2101 3265,2101 3354,2101 3444,2101 3533,2107 3623,2107 3712,2107 3802,2113 3903,2115 3934,2091 3977,2072"/>
                <TextEquiv>
                    <Unicode>19 g 2059 St : George in Copper. and b 26o</Unicode>
                </TextEquiv>
            </TextLine>
            <TextEquiv>
                <Unicode>2057. A Hygromëter made in the&#13;
&lt; 199.&#13;
Garmany in the form of a House&#13;
2058. A Harlequins sword the handle of wch :&#13;
&lt; 245 made in imitation of the neck of a&#13;
fowl &amp; the Broad blade of a Lime tree&#13;
given me by&#13;
board&#13;
varnish'd from Capt: Hebden wt : King&#13;
Charles's Letter&#13;
19 g 2059 St : George in Copper. and b 26o</Unicode>
            </TextEquiv>
        </TextRegion>
        <TextRegion id="tr_3" custom="readingOrder {index:1;}">
            <Coords points="1399,2395 4436,2395 4436,4962 1399,4962"/>
            <TextLine id="tr_3_tl_1" custom="readingOrder {index:0;}">
                <Coords points="1862,2479 1886,2485 1975,2468 2065,2456 2154,2444 2244,2438 2333,2432 2423,2426 2513,2426 2602,2426 2692,2426 2781,2426 2871,2420 2960,2420 3050,2414 3139,2414 3229,2414 3318,2414 3408,2414 3497,2414 3587,2414 3587,2464 3497,2464 3408,2464 3318,2464 3229,2464 3139,2464 3050,2464 2960,2470 2871,2470 2781,2476 2692,2476 2602,2476 2513,2476 2423,2476 2333,2482 2244,2488 2154,2494 2065,2506 1975,2518 1886,2535 1862,2529"/>
                <Baseline points="1933,2520 2065,2501 2154,2489 2244,2483 2333,2477 2423,2471 2513,2471 2602,2471 2692,2471 2781,2471 2871,2465 2960,2465 3050,2459 3139,2459 3229,2459 3318,2459 3408,2459 3497,2459 3587,2459"/>
                <TextEquiv>
                    <Unicode>2060. A small silver tunnel.</Unicode>
                </TextEquiv>
            </TextLine>
            <TextLine id="line_1679942568349_12" custom="readingOrder {index:1;}">
                <Coords points="1498,2547 1547,2552 1591,2542 1620,2542 1686,2542 1722,2542 1766,2544 1792,2529 1837,2527 1878,2521 1886,2570 1841,2577 1805,2577 1779,2592 1722,2592 1686,2592 1620,2592 1597,2592 1550,2602 1494,2597"/>
                <Baseline points="1494,2592 1550,2597 1596,2587 1620,2587 1686,2587 1722,2587 1778,2587 1811,2577 1841,2572 1885,2565"/>
                <TextEquiv>
                    <Unicode>&lt; 199. C.</Unicode>
                </TextEquiv>
            </TextLine>
            <TextLine id="tr_3_tl_2" custom="readingOrder {index:2;}">
                <Coords points="2292,2730 2327,2724 2417,2718 2507,2718 2596,2712 2686,2712 2775,2706 2865,2706 2954,2706 3044,2700 3133,2700 3223,2694 3312,2688 3402,2682 3491,2682 3581,2676 3671,2676 3760,2676 3850,2682 3939,2682 4029,2682 4118,2688 4208,2688 4208,2738 4118,2738 4029,2732 3939,2732 3850,2732 3760,2726 3671,2726 3581,2726 3491,2732 3402,2732 3312,2738 3223,2744 3133,2750 3044,2750 2954,2756 2865,2756 2775,2756 2686,2762 2596,2762 2507,2768 2417,2768 2327,2774 2292,2780"/>
                <Baseline points="1630,2864 1659,2854 1704,2857 1766,2842 1810,2835 1878,2815 1924,2808 1977,2808 2026,2803 2077,2796 2123,2796 2152,2796 2196,2788 2222,2784 2254,2779 2292,2775 2327,2769 2417,2763 2507,2763 2596,2757 2686,2757 2775,2751 2865,2751 2954,2751 3044,2745 3133,2745 3223,2739 3312,2733 3402,2727 3491,2727 3581,2721 3671,2721 3760,2721 3850,2727 3939,2727 4029,2727 4118,2733 4208,2733"/>
                <TextEquiv>
                    <Unicode>199. C. 2061. A Heart in yellow amber in wch. is</Unicode>
                </TextEquiv>
            </TextLine>
            <TextLine id="tr_3_tl_4" custom="readingOrder {index:3;}">
                <Coords points="2274,2867 2316,2873 2405,2873 2495,2873 2584,2867 2674,2867 2763,2867 2853,2867 2942,2861 3032,2856 3121,2856 3211,2850 3211,2900 3121,2906 3032,2906 2942,2911 2853,2917 2763,2917 2674,2917 2584,2917 2495,2923 2405,2923 2316,2923 2274,2917"/>
                <Baseline points="2274,2912 2316,2918 2405,2918 2495,2918 2584,2912 2674,2912 2763,2912 2853,2912 2942,2906 3032,2901 3121,2901 3211,2895"/>
                <TextEquiv>
                    <Unicode>this and the &amp;c.</Unicode>
                </TextEquiv>
            </TextLine>
            <TextLine id="tr_3_tl_5" custom="readingOrder {index:4;}">
                <Coords points="2924,2969 2948,2963 3038,2969 3127,2957 3127,3007 3038,3019 2948,3013 2924,3019"/>
                <Baseline points="2924,3014 2948,3008 3038,3014 3127,3002"/>
                <TextEquiv>
                    <Unicode>nine</Unicode>
                </TextEquiv>
            </TextLine>
            <TextLine id="tr_3_tl_6" custom="readingOrder {index:5;}">
                <Coords points="2918,3029 3008,3035 3098,3035 3187,3035 3277,3035 3366,3041 3456,3047 3533,3047 3533,3097 3456,3097 3366,3091 3277,3085 3187,3085 3098,3085 3008,3085 2918,3079"/>
                <Baseline points="2918,3074 3008,3080 3098,3080 3187,3080 3277,3080 3366,3086 3456,3092 3533,3092"/>
                <TextEquiv>
                    <Unicode>eight pieces</Unicode>
                </TextEquiv>
            </TextLine>
            <TextLine id="tr_3_tl_7" custom="readingOrder {index:6;}">
                <Coords points="1910,3136 1999,3136 2089,3130 2178,3136 2268,3136 2357,3136 2447,3136 2536,3136 2626,3136 2715,3142 2805,3148 2895,3154 2984,3148 3074,3154 3163,3154 3253,3160 3342,3160 3432,3166 3521,3172 3611,3178 3700,3178 3790,3184 3879,3190 3969,3196 4059,3208 4118,3202 4118,3252 4059,3258 3969,3246 3879,3240 3790,3234 3700,3228 3611,3228 3521,3222 3432,3216 3342,3210 3253,3210 3163,3204 3074,3204 2984,3198 2895,3204 2805,3198 2715,3192 2626,3186 2536,3186 2447,3186 2357,3186 2268,3186 2178,3186 2089,3180 1999,3186 1910,3186"/>
                <Baseline points="1910,3181 1999,3181 2089,3175 2178,3181 2268,3181 2357,3181 2447,3181 2536,3181 2626,3181 2715,3187 2805,3193 2895,3199 2984,3193 3074,3199 3163,3199 3253,3205 3342,3205 3432,3211 3521,3217 3611,3223 3700,3223 3790,3229 3879,3235 3969,3241 4059,3253 4118,3247"/>
                <TextEquiv>
                    <Unicode>2062 Silver coins call Araius used in</Unicode>
                </TextEquiv>
            </TextLine>
            <TextLine id="tr_3_tl_8" custom="readingOrder {index:7;}">
                <Coords points="2244,3309 2333,3321 2423,3327 2513,3327 2602,3333 2692,3333 2781,3339 2871,3345 2960,3351 3050,3351 3139,3351 3229,3363 3318,3363 3408,3369 3497,3369 3587,3369 3677,3369 3766,3375 3856,3387 3945,3393 4035,3399 4124,3393 4124,3443 4035,3449 3945,3443 3856,3437 3766,3425 3677,3419 3587,3419 3497,3419 3408,3419 3318,3413 3229,3413 3139,3401 3050,3401 2960,3401 2871,3395 2781,3389 2692,3383 2602,3383 2513,3377 2423,3377 2333,3371 2244,3359"/>
                <Baseline points="2244,3354 2333,3366 2423,3372 2513,3372 2602,3378 2692,3378 2781,3384 2871,3390 2960,3396 3050,3396 3139,3396 3229,3408 3318,3408 3408,3414 3497,3414 3587,3414 3677,3414 3766,3420 3856,3432 3945,3438 4035,3444 4124,3438"/>
                <TextEquiv>
                    <Unicode>Commerce along the Gulf of Persia</Unicode>
                </TextEquiv>
            </TextLine>
            <TextLine id="line_1679942664272_40" custom="readingOrder {index:8;}">
                <Coords points="4272,3500 4311,3469 4324,3462 4336,3438 4379,3464 4360,3496 4340,3509 4304,3539"/>
                <Baseline points="4301,3535 4337,3505 4354,3482 4383,3453"/>
                <TextEquiv>
                    <Unicode>X</Unicode>
                </TextEquiv>
            </TextLine>
            <TextLine id="line_1679942615812_23" custom="readingOrder {index:9;}">
                <Coords points="1875,3488 1926,3484 1992,3479 2028,3479 2028,3529 1994,3529 1930,3534 1879,3538"/>
                <Baseline points="1879,3533 1930,3529 1994,3524 2028,3524"/>
                <TextEquiv>
                    <Unicode>26</Unicode>
                </TextEquiv>
            </TextLine>
            <TextLine id="tr_3_tl_9" custom="readingOrder {index:10;}">
                <Coords points="2238,3512 2327,3518 2417,3524 2507,3530 2596,3536 2686,3542 2775,3542 2865,3548 2954,3554 3044,3560 3133,3566 3223,3578 3312,3584 3402,3590 3491,3590 3581,3596 3671,3602 3760,3614 3850,3626 3939,3632 4029,3637 4118,3637 4208,3637 4297,3637 4321,3632 4321,3682 4297,3687 4208,3687 4118,3687 4029,3687 3939,3682 3850,3676 3760,3664 3671,3652 3581,3646 3491,3640 3402,3640 3312,3634 3223,3628 3133,3616 3044,3610 2954,3604 2865,3598 2775,3592 2686,3592 2596,3586 2507,3580 2417,3574 2327,3568 2238,3562"/>
                <Baseline points="2238,3557 2327,3563 2417,3569 2507,3575 2596,3581 2686,3587 2775,3587 2865,3593 2954,3599 3044,3605 3133,3611 3223,3623 3312,3629 3402,3635 3491,3635 3581,3641 3671,3647 3760,3659 3850,3671 3939,3677 4029,3682 4118,3682 4208,3682 4297,3682 4321,3677"/>
                <TextEquiv>
                    <Unicode>vid Chardin Travles volume 2d. in 4to</Unicode>
                </TextEquiv>
            </TextLine>
            <TextLine id="tr_3_tl_10" custom="readingOrder {index:11;}">
                <Coords points="2208,3709 2298,3721 2387,3727 2477,3739 2566,3745 2656,3751 2745,3751 2793,3751 2793,3801 2745,3801 2656,3801 2566,3795 2477,3789 2387,3777 2298,3771 2208,3759"/>
                <Baseline points="2208,3754 2298,3766 2387,3772 2477,3784 2566,3790 2656,3796 2745,3796 2793,3796"/>
                <TextEquiv>
                    <Unicode>Page. 92.</Unicode>
                </TextEquiv>
            </TextLine>
            <TextLine id="tr_3_tl_11" custom="readingOrder {index:12;}">
                <Coords points="1922,4025 2011,4020 2101,4020 2190,4025 2262,4031 2262,4081 2190,4075 2101,4070 2011,4070 1922,4075"/>
                <Baseline points="1922,4070 2011,4065 2101,4065 2190,4070 2262,4076"/>
                <TextEquiv>
                    <Unicode>2063.</Unicode>
                </TextEquiv>
            </TextLine>
            <TextLine id="tr_3_tl_12" custom="readingOrder {index:13;}">
                <Coords points="2865,4055 2954,4073 3044,4079 3133,4079 3223,4085 3312,4085 3402,4085 3491,4085 3581,4079 3671,4079 3760,4079 3850,4079 3939,4085 4029,4085 4059,4079 4059,4129 4029,4135 3939,4135 3850,4129 3760,4129 3671,4129 3581,4129 3491,4135 3402,4135 3312,4135 3223,4135 3133,4129 3044,4129 2954,4123 2865,4105"/>
                <Baseline points="2865,4100 2954,4118 3044,4124 3133,4124 3223,4130 3312,4130 3402,4130 3491,4130 3581,4124 3671,4124 3760,4124 3850,4124 3939,4130 4029,4130 4059,4124"/>
                <TextEquiv>
                    <Unicode>Four pieces of wt : sevll :</Unicode>
                </TextEquiv>
            </TextLine>
            <TextLine id="tr_3_tl_13" custom="readingOrder {index:14;}">
                <Coords points="2113,4258 2202,4264 2292,4270 2381,4276 2471,4282 2560,4288 2650,4288 2739,4288 2829,4294 2918,4300 3008,4300 3098,4306 3187,4312 3277,4312 3366,4318 3456,4318 3545,4312 3635,4312 3724,4306 3814,4306 3903,4312 3993,4312 4082,4318 4172,4318 4196,4324 4196,4374 4172,4368 4082,4368 3993,4362 3903,4362 3814,4356 3724,4356 3635,4362 3545,4362 3456,4368 3366,4368 3277,4362 3187,4362 3098,4356 3008,4350 2918,4350 2829,4344 2739,4338 2650,4338 2560,4338 2471,4332 2381,4326 2292,4320 2202,4314 2113,4308"/>
                <Baseline points="2113,4303 2202,4309 2292,4315 2381,4321 2471,4327 2560,4333 2650,4333 2739,4333 2829,4339 2918,4345 3008,4345 3098,4351 3187,4357 3277,4357 3366,4363 3456,4363 3545,4357 3635,4357 3724,4351 3814,4351 3903,4357 3993,4357 4082,4363 4172,4363 4196,4369"/>
                <TextEquiv>
                    <Unicode>small mark's upon them of the same</Unicode>
                </TextEquiv>
            </TextLine>
            <TextLine id="tr_3_tl_14" custom="readingOrder {index:15;}">
                <Coords points="2113,4449 2202,4461 2292,4461 2381,4461 2471,4467 2560,4473 2650,4479 2739,4473 2829,4479 2918,4485 3008,4491 3098,4497 3187,4503 3277,4509 3366,4509 3456,4515 3545,4515 3635,4515 3724,4515 3814,4515 3903,4515 3993,4521 4082,4515 4100,4509 4100,4559 4082,4565 3993,4571 3903,4565 3814,4565 3724,4565 3635,4565 3545,4565 3456,4565 3366,4559 3277,4559 3187,4553 3098,4547 3008,4541 2918,4535 2829,4529 2739,4523 2650,4529 2560,4523 2471,4517 2381,4511 2292,4511 2202,4511 2113,4499"/>
                <Baseline points="2113,4494 2202,4506 2292,4506 2381,4506 2471,4512 2560,4518 2650,4524 2739,4518 2829,4524 2918,4530 3008,4536 3098,4542 3187,4548 3277,4554 3366,4554 3456,4560 3545,4560 3635,4560 3724,4560 3814,4560 3903,4560 3993,4566 4082,4560 4100,4554"/>
                <TextEquiv>
                    <Unicode>sort tho' of different forms &amp; one</Unicode>
                </TextEquiv>
            </TextLine>
            <TextLine id="tr_3_tl_15" custom="readingOrder {index:16;}">
                <Coords points="1892,4634 1981,4628 2071,4628 2160,4634 2250,4640 2339,4646 2429,4652 2518,4652 2608,4658 2698,4658 2787,4664 2877,4664 2966,4670 3056,4676 3145,4682 3235,4688 3324,4694 3414,4700 3503,4700 3593,4706 3682,4712 3772,4712 3862,4712 3951,4718 4041,4712 4130,4706 4136,4706 4136,4756 4130,4756 4041,4762 3951,4768 3862,4762 3772,4762 3682,4762 3593,4756 3503,4750 3414,4750 3324,4744 3235,4738 3145,4732 3056,4726 2966,4720 2877,4714 2787,4714 2698,4708 2608,4708 2518,4702 2429,4702 2339,4696 2250,4690 2160,4684 2071,4678 1981,4678 1892,4684"/>
                <Baseline points="1892,4679 1981,4673 2071,4673 2160,4679 2250,4685 2339,4691 2429,4697 2518,4697 2608,4703 2698,4703 2787,4709 2877,4709 2966,4715 3056,4721 3145,4727 3235,4733 3324,4739 3414,4745 3503,4745 3593,4751 3682,4757 3772,4757 3862,4757 3951,4763 4041,4757 4130,4751 4136,4751"/>
                <TextEquiv>
                    <Unicode>26 of them wt. out marks in copper</Unicode>
                </TextEquiv>
            </TextLine>
            <TextLine id="tr_3_tl_16" custom="readingOrder {index:17;}">
                <Coords points="2125,4831 2214,4843 2304,4843 2393,4843 2483,4843 2572,4849 2662,4855 2751,4861 2841,4867 2930,4867 3020,4873 3109,4873 3199,4879 3289,4885 3378,4891 3468,4897 3557,4903 3647,4909 3736,4909 3826,4915 3915,4915 4005,4915 4094,4915 4184,4921 4273,4915 4303,4915 4303,4965 4273,4965 4184,4971 4094,4965 4005,4965 3915,4965 3826,4965 3736,4959 3647,4959 3557,4953 3468,4947 3378,4941 3289,4935 3199,4929 3109,4923 3020,4923 2930,4917 2841,4917 2751,4911 2662,4905 2572,4899 2483,4893 2393,4893 2304,4893 2214,4893 2125,4881"/>
                <Baseline points="2214,4888 2304,4888 2393,4888 2483,4888 2572,4894 2662,4900 2751,4906 2841,4912 2930,4912 3020,4918 3109,4918 3199,4924 3289,4930 3378,4936 3468,4942 3557,4948 3647,4954 3736,4954 3826,4960 3915,4960 4005,4960 4094,4960 4184,4966 4273,4960 4303,4960"/>
                <TextEquiv>
                    <Unicode>both from Mr. Courtens Collections</Unicode>
                </TextEquiv>
            </TextLine>
            <TextEquiv>
                <Unicode>2060. A small silver tunnel.&#13;
&lt; 199. C.&#13;
199. C. 2061. A Heart in yellow amber in wch. is&#13;
this and the &amp;c.&#13;
nine&#13;
eight pieces&#13;
2062 Silver coins call Araius used in&#13;
Commerce along the Gulf of Persia&#13;
X&#13;
26&#13;
vid Chardin Travles volume 2d. in 4to&#13;
Page. 92.&#13;
2063.&#13;
Four pieces of wt : sevll :&#13;
small mark's upon them of the same&#13;
sort tho' of different forms &amp; one&#13;
26 of them wt. out marks in copper&#13;
both from Mr. Courtens Collections</Unicode>
            </TextEquiv>
        </TextRegion>
        <TextRegion id="tr_2" custom="readingOrder {index:2;}">
            <Coords points="1398,5065 4375,5071 4375,6420 1398,6414"/>
            <TextLine id="tr_2_tl_1" custom="readingOrder {index:0;}">
                <Coords points="2196,5076 2286,5076 2375,5076 2465,5082 2554,5088 2644,5094 2733,5094 2823,5106 2912,5112 3002,5118 3092,5118 3181,5124 3271,5124 3360,5124 3450,5124 3539,5124 3629,5130 3718,5136 3808,5136 3897,5142 3987,5142 4076,5136 4082,5136 4082,5186 4076,5186 3987,5192 3897,5192 3808,5186 3718,5186 3629,5180 3539,5174 3450,5174 3360,5174 3271,5174 3181,5174 3092,5168 3002,5168 2912,5162 2823,5156 2733,5144 2644,5144 2554,5138 2465,5132 2375,5126 2286,5126 2196,5126"/>
                <Baseline points="2196,5121 2286,5121 2375,5121 2465,5127 2554,5133 2644,5139 2733,5139 2823,5151 2912,5157 3002,5163 3092,5163 3181,5169 3271,5169 3360,5169 3450,5169 3539,5169 3629,5175 3718,5181 3808,5181 3897,5187 3987,5187 4076,5181 4082,5181"/>
                <TextEquiv>
                    <Unicode>who likly thad them from his</Unicode>
                </TextEquiv>
            </TextLine>
            <TextLine id="tr_2_tl_2" custom="readingOrder {index:1;}">
                <Coords points="2220,5273 2310,5285 2399,5285 2489,5291 2578,5291 2668,5291 2757,5297 2847,5309 2936,5315 3026,5321 3115,5321 3205,5327 3294,5327 3384,5327 3474,5321 3563,5321 3653,5327 3742,5321 3832,5327 3921,5327 4011,5327 4100,5327 4190,5321 4220,5327 4220,5377 4190,5371 4100,5377 4011,5377 3921,5377 3832,5377 3742,5371 3653,5377 3563,5371 3474,5371 3384,5377 3294,5377 3205,5377 3115,5371 3026,5371 2936,5365 2847,5359 2757,5347 2668,5341 2578,5341 2489,5341 2399,5335 2310,5335 2220,5323"/>
                <Baseline points="2220,5318 2310,5330 2399,5330 2489,5336 2578,5336 2668,5336 2757,5342 2847,5354 2936,5360 3026,5366 3115,5366 3205,5372 3294,5372 3384,5372 3474,5366 3563,5366 3653,5372 3742,5366 3832,5372 3921,5372 4011,5372 4100,5372 4190,5366 4220,5372"/>
                <TextEquiv>
                    <Unicode>Father who had great trade in</Unicode>
                </TextEquiv>
            </TextLine>
            <TextLine id="tr_2_tl_3" custom="readingOrder {index:2;}">
                <Coords points="2238,5494 2327,5494 2417,5500 2507,5506 2596,5518 2686,5524 2775,5530 2865,5542 2954,5548 3044,5554 3133,5566 3223,5566 3312,5566 3366,5566 3366,5616 3312,5616 3223,5616 3133,5616 3044,5604 2954,5598 2865,5592 2775,5580 2686,5574 2596,5568 2507,5556 2417,5550 2327,5544 2238,5544"/>
                <Baseline points="2238,5539 2327,5539 2417,5545 2507,5551 2596,5563 2686,5569 2775,5575 2865,5587 2954,5593 3044,5599 3133,5611 3223,5611 3312,5611 3366,5611"/>
                <TextEquiv>
                    <Unicode>the East Indies</Unicode>
                </TextEquiv>
            </TextLine>
            <TextLine id="tr_2_tl_5" custom="readingOrder {index:3;}">
                <Coords points="2256,5774 2345,5786 2435,5792 2524,5798 2614,5804 2704,5804 2793,5810 2883,5816 2972,5822 3062,5822 3151,5822 3241,5822 3330,5822 3420,5822 3509,5822 3599,5816 3688,5810 3778,5810 3868,5810 3957,5810 4047,5810 4136,5804 4166,5804 4166,5854 4136,5854 4047,5860 3957,5860 3868,5860 3778,5860 3688,5860 3599,5866 3509,5872 3420,5872 3330,5872 3241,5872 3151,5872 3062,5872 2972,5872 2883,5866 2793,5860 2704,5854 2614,5854 2524,5848 2435,5842 2345,5836 2256,5824"/>
                <Baseline points="1928,5824 1947,5823 1975,5818 2007,5818 2040,5811 2086,5811 2121,5820 2158,5825 2206,5823 2256,5819 2345,5831 2435,5837 2524,5843 2614,5849 2704,5849 2793,5855 2883,5861 2972,5867 3062,5867 3151,5867 3241,5867 3330,5867 3420,5867 3509,5867 3599,5861 3688,5855 3778,5855 3868,5855 3957,5855 4047,5855 4136,5849 4166,5849"/>
                <TextEquiv>
                    <Unicode>2064 Round copper coins wt. square</Unicode>
                </TextEquiv>
            </TextLine>
            <TextLine id="line_1679942640611_29" custom="readingOrder {index:4;}">
                <Coords points="1869,5977 1921,5971 1980,5965 2048,5968 2046,6018 1981,6015 1927,6021 1875,6027"/>
                <Baseline points="1874,6022 1926,6016 1981,6010 2046,6013"/>
                <TextEquiv>
                    <Unicode>26</Unicode>
                </TextEquiv>
            </TextLine>
            <TextLine id="tr_2_tl_6" custom="readingOrder {index:5;}">
                <Coords points="2196,5965 2286,5977 2375,5977 2465,5989 2554,5995 2644,5995 2733,6001 2823,6007 2912,6007 3002,6013 3092,6013 3181,6007 3271,6013 3360,6013 3450,6019 3539,6025 3629,6031 3718,6031 3808,6031 3897,6025 3987,6019 4076,6013 4166,6007 4256,6001 4321,5989 4321,6039 4256,6051 4166,6057 4076,6063 3987,6069 3897,6075 3808,6081 3718,6081 3629,6081 3539,6075 3450,6069 3360,6063 3271,6063 3181,6057 3092,6063 3002,6063 2912,6057 2823,6057 2733,6051 2644,6045 2554,6045 2465,6039 2375,6027 2286,6027 2196,6015"/>
                <Baseline points="2196,6010 2286,6022 2375,6022 2465,6034 2554,6040 2644,6040 2733,6046 2823,6052 2912,6052 3002,6058 3092,6058 3181,6052 3271,6058 3360,6058 3450,6064 3539,6070 3629,6076 3718,6076 3808,6076 3897,6070 3987,6064 4076,6058 4166,6052 4256,6046 4321,6034"/>
                <TextEquiv>
                    <Unicode>holes in the  middle of sevll : Magni-</Unicode>
                </TextEquiv>
            </TextLine>
            <TextLine id="line_1679942644894_34" custom="readingOrder {index:6;}">
                <Coords points="1577,6081 1628,6112 1662,6162 1678,6184 1745,6235 1714,6275 1642,6220 1621,6191 1594,6149 1551,6124"/>
                <Baseline points="1554,6120 1591,6154 1625,6188 1648,6214 1717,6271"/>
                <TextEquiv>
                    <Unicode>X</Unicode>
                </TextEquiv>
            </TextLine>
            <TextLine id="tr_2_tl_7" custom="readingOrder {index:7;}">
                <Coords points="2184,6145 2274,6156 2363,6156 2453,6168 2542,6168 2632,6174 2721,6186 2811,6186 2901,6186 2990,6192 3080,6186 3169,6180 3259,6186 3348,6192 3438,6204 3527,6210 3617,6216 3706,6222 3796,6222 3885,6216 3975,6210 4065,6198 4154,6192 4244,6186 4321,6174 4321,6224 4244,6236 4154,6242 4065,6248 3975,6260 3885,6266 3796,6272 3706,6272 3617,6266 3527,6260 3438,6254 3348,6242 3259,6236 3169,6230 3080,6236 2990,6242 2901,6236 2811,6236 2721,6236 2632,6224 2542,6218 2453,6218 2363,6206 2274,6206 2184,6195"/>
                <Baseline points="2184,6190 2274,6201 2363,6201 2453,6213 2542,6213 2632,6219 2721,6231 2811,6231 2901,6231 2990,6237 3080,6231 3169,6225 3259,6231 3348,6237 3438,6249 3527,6255 3617,6261 3706,6267 3796,6267 3885,6261 3975,6255 4065,6243 4154,6237 4244,6231 4321,6219"/>
                <TextEquiv>
                    <Unicode>tudes upon wch the Empiers name</Unicode>
                </TextEquiv>
            </TextLine>
            <TextLine id="tr_2_tl_8" custom="readingOrder {index:8;}">
                <Coords points="2214,6318 2226,6318 2316,6318 2405,6318 2495,6324 2584,6330 2674,6336 2763,6336 2853,6336 2942,6336 3032,6336 3121,6336 3211,6336 3300,6342 3390,6347 3480,6359 3569,6359 3659,6365 3748,6359 3838,6359 3927,6359 4017,6347 4106,6342 4196,6330 4285,6312 4375,6294 4375,6344 4285,6362 4196,6380 4106,6392 4017,6397 3927,6409 3838,6409 3748,6409 3659,6415 3569,6409 3480,6409 3390,6397 3300,6392 3211,6386 3121,6386 3032,6386 2942,6386 2853,6386 2763,6386 2674,6386 2584,6380 2495,6374 2405,6368 2316,6368 2226,6368 2214,6368"/>
                <Baseline points="2214,6363 2226,6363 2316,6363 2405,6363 2495,6369 2584,6375 2674,6381 2763,6381 2853,6381 2942,6381 3032,6381 3121,6381 3211,6381 3300,6387 3390,6392 3480,6404 3569,6404 3659,6410 3748,6404 3838,6404 3927,6404 4017,6392 4106,6387 4196,6375 4285,6357 4375,6339"/>
                <TextEquiv>
                    <Unicode>is ingraved the hole in the middle</Unicode>
                </TextEquiv>
            </TextLine>
            <TextEquiv>
                <Unicode>who likly thad them from his&#13;
Father who had great trade in&#13;
the East Indies&#13;
2064 Round copper coins wt. square&#13;
26&#13;
holes in the  middle of sevll : Magni-&#13;
X&#13;
tudes upon wch the Empiers name&#13;
is ingraved the hole in the middle</Unicode>
            </TextEquiv>
        </TextRegion>
    </Page>
</PcGts>
