4912 7360
978 640 3010 827 226 -247. Indian ratles or castagnets for
3756 800 3857 860 21
862 845 1250 900 19 V?
1340 882 3126 1065 dancing made of the seeds of an
1368 1076 3604 1231 anona an starr aple? Guanabanus vid Clus
1034 1540 1914 1661 248. Alum water.
756 1708 994 1775 19 ?
1006 2080 3250 2225 249. Oil of Scorpions from Santacruz
3727 2174 4063 2250 0. 1. 0
1036 2576 2904 2755 250. Phosphorus or. Icy noctiluca.
1068 3016 3136 3181 251. The same dissolv'd in oil of cloves-
1068 3538 3016 3689 252. The same dissolv'd in sp. of wine-
1086 3730 1210 3844 246. o
1066 4048 1940 4195 253. Aqua fortis?
1328 4626 2960 4745 -254. Bittern from the Salterns at-
1464 4822 2126 4975 Portsmouth?
1002 5284 1842 5405 -255. The same?
1028 5710 1798 5849 -256. The same?
1008 6058 3130 6227 -257. A long Indian box made of red wood
1364 6262 3122 6401 covered wt.chips? of Severall colours.
1070 6612 3214 6759 258. A box in wch. are ten small cups made
848 6739 1008 6806 23.
3606 6758 4038 6824 0. 15. 0.
1406 6775 3102 6889 of the sevll. unglased earths in China
618 6833 1155 6953 ✓ 199
1384 6837 2108 6947 bought of Mrs.
