<?xml version="1.0" encoding="UTF-8" standalone="yes"?>
<PcGts xmlns="http://schema.primaresearch.org/PAGE/gts/pagecontent/2013-07-15" xmlns:xsi="http://www.w3.org/2001/XMLSchema-instance" xsi:schemaLocation="http://schema.primaresearch.org/PAGE/gts/pagecontent/2013-07-15 http://schema.primaresearch.org/PAGE/gts/pagecontent/2013-07-15/pagecontent.xsd">
    <Metadata>
        <Creator>Transkribus</Creator>
        <Created>2023-03-11T16:12:51.756Z</Created>
        <LastChange>2023-04-18T17:18:06.751+02:00</LastChange>
        <TranskribusMetadata docId="1360439" pageId="53217536" pageNr="42" tsid="118694538" status="GT" userId="10603" imgUrl="https://files.transkribus.eu/Get?id=AKPYRNNGZEQADQHTLBFYQQKO&amp;fileType=view" xmlUrl="https://files.transkribus.eu/Get?id=ZBZNVGCSOTAWHQQEZMCEPDJM" imageId="43210568"/>
    </Metadata>
    <Page imageFilename="0042_EPF108491021v.tif" imageWidth="4912" imageHeight="7360">
        <ReadingOrder>
            <OrderedGroup id="ro_1717685695286" caption="Regions reading order">
                <RegionRefIndexed index="0" regionRef="tr_2"/>
                <RegionRefIndexed index="1" regionRef="tr_1"/>
                <RegionRefIndexed index="2" regionRef="tr_5"/>
                <RegionRefIndexed index="3" regionRef="tr_3"/>
                <RegionRefIndexed index="4" regionRef="tr_4"/>
            </OrderedGroup>
        </ReadingOrder>
        <TextRegion id="tr_2" custom="readingOrder {index:0;}">
            <Coords points="1050,785 4285,785 4285,1985 1050,1985"/>
            <TextLine id="tr_2_tl_1" custom="readingOrder {index:0;}">
                <Coords points="1713,814 1802,814 1892,814 1981,808 2071,808 2160,808 2250,808 2339,814 2429,808 2518,808 2608,808 2698,808 2787,808 2877,802 2966,802 3056,796 3145,790 3235,790 3324,790 3414,796 3503,796 3593,808 3682,814 3772,826 3862,838 3951,850 4041,862 4130,880 4220,904 4285,916 4285,966 4220,954 4130,930 4041,912 3951,900 3862,888 3772,876 3682,864 3593,858 3503,846 3414,846 3324,840 3235,840 3145,840 3056,846 2966,852 2877,852 2787,858 2698,858 2608,858 2518,858 2429,858 2339,864 2250,858 2160,858 2071,858 1981,858 1892,864 1802,864 1713,864"/>
                <Baseline points="1713,859 1802,859 1892,859 1981,853 2071,853 2160,853 2250,853 2339,859 2429,853 2518,853 2608,853 2698,853 2787,853 2877,847 2966,847 3056,841 3145,835 3235,835 3324,835 3414,841 3503,841 3593,853 3682,859 3772,871 3862,883 3951,895 4041,907 4130,925 4220,949 4285,961"/>
                <TextEquiv>
                    <Unicode>Serves to String them by vid Navarette trans=</Unicode>
                </TextEquiv>
            </TextLine>
            <TextLine id="tr_2_tl_2" custom="readingOrder {index:1;}">
                <Coords points="1050,1053 1140,1053 1229,1047 1319,1035 1408,1035 1498,1029 1587,1035 1677,1035 1766,1041 1856,1041 1945,1035 2035,1029 2125,1029 2214,1029 2304,1017 2393,1017 2483,1017 2572,1011 2662,1011 2751,1011 2841,1011 2930,1005 3020,993 3109,993 3199,999 3289,1005 3378,1005 3468,1017 3557,1023 3647,1029 3736,1035 3826,1041 3915,1053 4005,1065 4094,1083 4184,1107 4238,1107 4238,1157 4184,1157 4094,1133 4005,1115 3915,1103 3826,1091 3736,1085 3647,1079 3557,1073 3468,1067 3378,1055 3289,1055 3199,1049 3109,1043 3020,1043 2930,1055 2841,1061 2751,1061 2662,1061 2572,1061 2483,1067 2393,1067 2304,1067 2214,1079 2125,1079 2035,1079 1945,1085 1856,1091 1766,1091 1677,1085 1587,1085 1498,1079 1408,1085 1319,1085 1229,1097 1140,1103 1050,1103"/>
                <Baseline points="1050,1098 1140,1098 1229,1092 1319,1080 1408,1080 1498,1074 1587,1080 1677,1080 1766,1086 1856,1086 1945,1080 2035,1074 2125,1074 2214,1074 2304,1062 2393,1062 2483,1062 2572,1056 2662,1056 2751,1056 2841,1056 2930,1050 3020,1038 3109,1038 3199,1044 3289,1050 3378,1050 3468,1062 3557,1068 3647,1074 3736,1080 3826,1086 3915,1098 4005,1110 4094,1128 4184,1152 4238,1152"/>
                <TextEquiv>
                    <Unicode>&lt; 199. C. lated in Churchalls Collections of travels</Unicode>
                </TextEquiv>
            </TextLine>
            <TextLine id="tr_2_tl_3" custom="readingOrder {index:2;}">
                <Coords points="1695,1268 1784,1262 1874,1256 1963,1250 2053,1250 2142,1250 2232,1250 2322,1244 2411,1244 2501,1244 2590,1238 2680,1238 2769,1238 2859,1238 2948,1238 3038,1238 3127,1238 3217,1238 3306,1238 3396,1250 3486,1256 3575,1262 3665,1262 3754,1268 3844,1268 3856,1268 3856,1318 3844,1318 3754,1318 3665,1312 3575,1312 3486,1306 3396,1300 3306,1288 3217,1288 3127,1288 3038,1288 2948,1288 2859,1288 2769,1288 2680,1288 2590,1288 2501,1294 2411,1294 2322,1294 2232,1300 2142,1300 2053,1300 1963,1300 1874,1306 1784,1312 1695,1318"/>
                <Baseline points="1695,1313 1784,1307 1874,1301 1963,1295 2053,1295 2142,1295 2232,1295 2322,1289 2411,1289 2501,1289 2590,1283 2680,1283 2769,1283 2859,1283 2948,1283 3038,1283 3127,1283 3217,1283 3306,1283 3396,1295 3486,1301 3575,1307 3665,1307 3754,1313 3844,1313 3856,1313"/>
                <TextEquiv>
                    <Unicode>Book Seccond Chap. 2d. page 61</Unicode>
                </TextEquiv>
            </TextLine>
            <TextLine id="tr_2_tl_4" custom="readingOrder {index:3;}">
                <Coords points="1999,1405 2083,1405 2172,1411 2262,1405 2351,1393 2441,1387 2530,1381 2620,1381 2710,1381 2799,1375 2889,1369 2978,1369 3068,1369 3157,1369 3247,1351 3247,1401 3157,1419 3068,1419 2978,1419 2889,1419 2799,1425 2710,1431 2620,1431 2530,1431 2441,1437 2351,1443 2262,1455 2172,1461 2083,1455 1999,1455"/>
                <Baseline points="1999,1450 2083,1450 2172,1456 2262,1450 2351,1438 2441,1432 2530,1426 2620,1426 2710,1426 2799,1420 2889,1414 2978,1414 3068,1414 3157,1414 3247,1396"/>
                <TextEquiv>
                    <Unicode>A nest of Olagans or</Unicode>
                </TextEquiv>
            </TextLine>
            <TextLine id="tr_2_tl_5" custom="readingOrder {index:4;}">
                <Coords points="1695,1554 1719,1554 1808,1554 1898,1554 1987,1554 2077,1548 2166,1548 2256,1548 2345,1548 2435,1542 2524,1536 2614,1530 2704,1524 2793,1524 2883,1524 2972,1524 3062,1524 3151,1524 3241,1518 3330,1518 3420,1518 3509,1518 3599,1518 3688,1518 3778,1518 3868,1524 3957,1536 4047,1542 4136,1548 4226,1548 4226,1598 4136,1598 4047,1592 3957,1586 3868,1574 3778,1568 3688,1568 3599,1568 3509,1568 3420,1568 3330,1568 3241,1568 3151,1574 3062,1574 2972,1574 2883,1574 2793,1574 2704,1574 2614,1580 2524,1586 2435,1592 2345,1598 2256,1598 2166,1598 2077,1598 1987,1604 1898,1604 1808,1604 1719,1604 1695,1604"/>
                <Baseline points="1695,1599 1719,1599 1808,1599 1898,1599 1987,1599 2077,1593 2166,1593 2256,1593 2345,1593 2435,1587 2524,1581 2614,1575 2704,1569 2793,1569 2883,1569 2972,1569 3062,1569 3151,1569 3241,1563 3330,1563 3420,1563 3509,1563 3599,1563 3688,1563 3778,1563 3868,1569 3957,1581 4047,1587 4136,1593 4226,1593"/>
                <TextEquiv>
                    <Unicode>2065. Thirty Basketts made wt. Birch</Unicode>
                </TextEquiv>
            </TextLine>
            <TextLine id="tr_2_tl_6" custom="readingOrder {index:5;}">
                <Coords points="1993,1739 2083,1739 2172,1733 2262,1733 2351,1727 2441,1727 2530,1721 2620,1721 2710,1715 2799,1709 2889,1709 2978,1709 3068,1703 3157,1698 3247,1698 3336,1698 3426,1698 3515,1698 3605,1698 3694,1703 3784,1709 3873,1715 3963,1721 4053,1733 4142,1745 4232,1757 4279,1757 4279,1807 4232,1807 4142,1795 4053,1783 3963,1771 3873,1765 3784,1759 3694,1753 3605,1748 3515,1748 3426,1748 3336,1748 3247,1748 3157,1748 3068,1753 2978,1759 2889,1759 2799,1759 2710,1765 2620,1771 2530,1771 2441,1777 2351,1777 2262,1783 2172,1783 2083,1789 1993,1789"/>
                <Baseline points="1993,1784 2083,1784 2172,1778 2262,1778 2351,1772 2441,1772 2530,1766 2620,1766 2710,1760 2799,1754 2889,1754 2978,1754 3068,1748 3157,1743 3247,1743 3336,1743 3426,1743 3515,1743 3605,1743 3694,1748 3784,1754 3873,1760 3963,1766 4053,1778 4142,1790 4232,1802 4279,1802"/>
                <TextEquiv>
                    <Unicode>Bark &amp; adorn'd wt : Porcupines quils</Unicode>
                </TextEquiv>
            </TextLine>
            <TextLine id="tr_2_tl_7" custom="readingOrder {index:6;}">
                <Coords points="2017,1930 2029,1930 2119,1930 2208,1930 2298,1930 2387,1930 2477,1930 2566,1924 2656,1918 2745,1912 2835,1894 2924,1889 3014,1889 3103,1883 3193,1883 3283,1883 3372,1883 3462,1883 3551,1883 3641,1883 3730,1889 3820,1894 3909,1894 3999,1894 4088,1900 4178,1900 4178,1950 4088,1950 3999,1944 3909,1944 3820,1944 3730,1939 3641,1933 3551,1933 3462,1933 3372,1933 3283,1933 3193,1933 3103,1933 3014,1939 2924,1939 2835,1944 2745,1962 2656,1968 2566,1974 2477,1980 2387,1980 2298,1980 2208,1980 2119,1980 2029,1980 2017,1980"/>
                <Baseline points="2017,1975 2029,1975 2119,1975 2208,1975 2298,1975 2387,1975 2477,1975 2566,1969 2656,1963 2745,1957 2835,1939 2924,1934 3014,1934 3103,1928 3193,1928 3283,1928 3372,1928 3462,1928 3551,1928 3641,1928 3730,1934 3820,1939 3909,1939 3999,1939 4088,1945 4178,1945"/>
                <TextEquiv>
                    <Unicode>given me by  Capt : Middleton who'</Unicode>
                </TextEquiv>
            </TextLine>
            <TextLine id="tr_2_tl_8" custom="readingOrder {index:7;}">
                <Coords points="1414,1900 1468,1900 1557,1894 1647,1889 1737,1889 1737,1939 1647,1939 1557,1944 1468,1950 1414,1950"/>
                <Baseline points="1414,1945 1468,1945 1557,1939 1647,1934 1737,1934"/>
                <TextEquiv>
                    <Unicode>245</Unicode>
                </TextEquiv>
            </TextLine>
            <TextEquiv>
                <Unicode>Serves to String them by vid Navarette trans=&#13;
&lt; 199. C. lated in Churchalls Collections of travels&#13;
Book Seccond Chap. 2d. page 61&#13;
A nest of Olagans or&#13;
2065. Thirty Basketts made wt. Birch&#13;
Bark &amp; adorn'd wt : Porcupines quils&#13;
given me by  Capt : Middleton who'&#13;
245</Unicode>
            </TextEquiv>
        </TextRegion>
        <TextRegion id="tr_1" custom="readingOrder {index:1;}">
            <Coords points="1617,2104 4226,2104 4226,3615 1617,3615"/>
            <TextLine id="tr_1_tl_1" custom="readingOrder {index:0;}">
                <Coords points="1999,2151 2017,2145 2107,2145 2196,2145 2286,2139 2375,2133 2465,2127 2554,2127 2644,2121 2733,2121 2823,2121 2912,2121 3002,2121 3092,2115 3181,2109 3271,2115 3360,2115 3450,2115 3539,2115 3629,2121 3718,2121 3808,2133 3897,2133 3987,2133 3987,2183 3897,2183 3808,2183 3718,2171 3629,2171 3539,2165 3450,2165 3360,2165 3271,2165 3181,2159 3092,2165 3002,2171 2912,2171 2823,2171 2733,2171 2644,2171 2554,2177 2465,2177 2375,2183 2286,2189 2196,2195 2107,2195 2017,2195 1999,2201"/>
                <Baseline points="1999,2196 2017,2190 2107,2190 2196,2190 2286,2184 2375,2178 2465,2172 2554,2172 2644,2166 2733,2166 2823,2166 2912,2166 3002,2166 3092,2160 3181,2154 3271,2160 3360,2160 3450,2160 3539,2160 3629,2166 3718,2166 3808,2178 3897,2178 3987,2178"/>
                <TextEquiv>
                    <Unicode>brought them from Hudson bay.</Unicode>
                </TextEquiv>
            </TextLine>
            <TextLine id="tr_1_tl_2" custom="readingOrder {index:1;}">
                <Coords points="1975,2259 1987,2259 2077,2259 2166,2253 2256,2253 2345,2253 2435,2241 2524,2235 2614,2235 2704,2235 2793,2235 2883,2229 2972,2229 3062,2229 3151,2223 3241,2223 3330,2223 3420,2217 3509,2217 3599,2217 3688,2217 3778,2223 3868,2229 3957,2235 4047,2235 4136,2241 4226,2241 4226,2291 4136,2291 4047,2285 3957,2285 3868,2279 3778,2273 3688,2267 3599,2267 3509,2267 3420,2267 3330,2273 3241,2273 3151,2273 3062,2279 2972,2279 2883,2279 2793,2285 2704,2285 2614,2285 2524,2285 2435,2291 2345,2303 2256,2303 2166,2303 2077,2309 1987,2309 1975,2309"/>
                <Baseline points="1975,2304 1987,2304 2077,2304 2166,2298 2256,2298 2345,2298 2435,2286 2524,2280 2614,2280 2704,2280 2793,2280 2883,2274 2972,2274 3062,2274 3151,2268 3241,2268 3330,2268 3420,2262 3509,2262 3599,2262 3688,2262 3778,2268 3868,2274 3957,2280 4047,2280 4136,2286 4226,2286"/>
                <TextEquiv>
                    <Unicode>Different houragans, ou petits paniers fait</Unicode>
                </TextEquiv>
            </TextLine>
            <TextLine id="tr_1_tl_3" custom="readingOrder {index:2;}">
                <Coords points="2005,2342 2077,2342 2166,2342 2256,2342 2345,2336 2435,2336 2524,2330 2614,2330 2704,2324 2793,2318 2883,2318 2972,2318 3062,2312 3151,2312 3241,2312 3330,2312 3420,2312 3509,2306 3599,2312 3688,2312 3778,2318 3868,2318 3957,2324 4047,2324 4136,2330 4226,2336 4226,2386 4136,2380 4047,2374 3957,2374 3868,2368 3778,2368 3688,2362 3599,2362 3509,2356 3420,2362 3330,2362 3241,2362 3151,2362 3062,2362 2972,2368 2883,2368 2793,2368 2704,2374 2614,2380 2524,2380 2435,2386 2345,2386 2256,2392 2166,2392 2077,2392 2005,2392"/>
                <Baseline points="2005,2387 2077,2387 2166,2387 2256,2387 2345,2381 2435,2381 2524,2375 2614,2375 2704,2369 2793,2363 2883,2363 2972,2363 3062,2357 3151,2357 3241,2357 3330,2357 3420,2357 3509,2351 3599,2357 3688,2357 3778,2363 3868,2363 3957,2369 4047,2369 4136,2375 4226,2381"/>
                <TextEquiv>
                    <Unicode>d'ecorces d'arbres par les Sauvages du Canada. Biron</Unicode>
                </TextEquiv>
            </TextLine>
            <TextLine id="tr_1_tl_4" custom="readingOrder {index:3;}">
                <Coords points="3927,2390 4017,2402 4106,2408 4136,2414 4136,2464 4106,2458 4017,2452 3927,2440"/>
                <Baseline points="3887,2426 4017,2447 4106,2453 4136,2459"/>
                <TextEquiv>
                    <Unicode>p. 281.</Unicode>
                </TextEquiv>
            </TextLine>
            <TextLine id="tr_1_tl_5" custom="readingOrder {index:4;}">
                <Coords points="1999,2497 2065,2497 2154,2497 2244,2497 2333,2491 2423,2491 2513,2485 2602,2479 2692,2479 2781,2479 2871,2473 2960,2473 3050,2462 3139,2462 3229,2462 3318,2468 3408,2468 3497,2468 3587,2468 3677,2468 3766,2468 3856,2468 3945,2468 3945,2518 3856,2518 3766,2518 3677,2518 3587,2518 3497,2518 3408,2518 3318,2518 3229,2512 3139,2512 3050,2512 2960,2523 2871,2523 2781,2529 2692,2529 2602,2529 2513,2535 2423,2541 2333,2541 2244,2547 2154,2547 2065,2547 1999,2547"/>
                <Baseline points="1645,2570 1685,2564 1726,2559 1766,2553 1816,2549 1858,2546 1905,2546 1949,2546 1999,2542 2065,2542 2154,2542 2244,2542 2333,2536 2423,2536 2513,2530 2602,2524 2692,2524 2781,2524 2871,2518 2960,2518 3050,2507 3139,2507 3229,2507 3318,2513 3408,2513 3497,2513 3587,2513 3677,2513 3766,2513 3856,2513 3945,2513"/>
                <TextEquiv>
                    <Unicode>2066 A Chaire made of Bambo Cane</Unicode>
                </TextEquiv>
            </TextLine>
            <TextLine id="tr_1_tl_7" custom="readingOrder {index:5;}">
                <Coords points="2017,2826 2065,2832 2154,2838 2244,2838 2333,2832 2423,2826 2513,2820 2602,2820 2692,2820 2781,2820 2871,2820 2960,2820 3050,2820 3139,2820 3229,2814 3318,2814 3408,2814 3497,2814 3587,2814 3677,2814 3766,2814 3856,2820 3945,2820 4035,2820 4035,2870 3945,2870 3856,2870 3766,2864 3677,2864 3587,2864 3497,2864 3408,2864 3318,2864 3229,2864 3139,2870 3050,2870 2960,2870 2871,2870 2781,2870 2692,2870 2602,2870 2513,2870 2423,2876 2333,2882 2244,2888 2154,2888 2065,2882 2017,2876"/>
                <Baseline points="1654,2914 1664,2911 1701,2911 1747,2898 1794,2888 1822,2883 1878,2886 1927,2895 1985,2890 2020,2886 2065,2877 2154,2883 2244,2883 2333,2877 2423,2871 2513,2865 2602,2865 2692,2865 2781,2865 2871,2865 2960,2865 3050,2865 3139,2865 3229,2859 3318,2859 3408,2859 3497,2859 3587,2859 3677,2859 3766,2859 3856,2865 3945,2865 4035,2865"/>
                <TextEquiv>
                    <Unicode>2067. Pieces of Pots used by the Indians.</Unicode>
                </TextEquiv>
            </TextLine>
            <TextLine id="tr_1_tl_9" custom="readingOrder {index:6;}">
                <Coords points="1957,3053 2029,3058 2119,3058 2208,3058 2298,3053 2387,3047 2477,3047 2566,3047 2656,3047 2745,3041 2835,3041 2924,3035 3014,3035 3103,3035 3193,3029 3283,3035 3372,3029 3462,3029 3551,3023 3641,3029 3730,3023 3820,3005 3820,3055 3730,3073 3641,3079 3551,3073 3462,3079 3372,3079 3283,3085 3193,3079 3103,3085 3014,3085 2924,3085 2835,3091 2745,3091 2656,3097 2566,3097 2477,3097 2387,3097 2298,3103 2208,3108 2119,3108 2029,3108 1957,3103"/>
                <Baseline points="1957,3098 2029,3103 2119,3103 2208,3103 2298,3098 2387,3092 2477,3092 2566,3092 2656,3092 2745,3086 2835,3086 2924,3080 3014,3080 3103,3080 3193,3074 3283,3080 3372,3074 3462,3074 3551,3068 3641,3074 3730,3068 3820,3050"/>
                <TextEquiv>
                    <Unicode>This I gather'd on our sea coast</Unicode>
                </TextEquiv>
            </TextLine>
            <TextLine id="tr_1_tl_10" custom="readingOrder {index:7;}">
                <Coords points="1969,3202 1987,3208 2077,3208 2166,3208 2256,3208 2345,3208 2435,3208 2524,3208 2614,3202 2704,3202 2793,3196 2883,3196 2972,3196 3062,3190 3151,3184 3241,3190 3330,3190 3420,3190 3509,3190 3599,3184 3688,3184 3778,3178 3868,3172 3957,3172 4047,3166 4136,3160 4136,3210 4047,3216 3957,3222 3868,3222 3778,3228 3688,3234 3599,3234 3509,3240 3420,3240 3330,3240 3241,3240 3151,3234 3062,3240 2972,3246 2883,3246 2793,3246 2704,3252 2614,3252 2524,3258 2435,3258 2345,3258 2256,3258 2166,3258 2077,3258 1987,3258 1969,3252"/>
                <Baseline points="1969,3247 1987,3253 2077,3253 2166,3253 2256,3253 2345,3253 2435,3253 2524,3253 2614,3247 2704,3247 2793,3241 2883,3241 2972,3241 3062,3235 3151,3229 3241,3235 3330,3235 3420,3235 3509,3235 3599,3229 3688,3229 3778,3223 3868,3217 3957,3217 4047,3211 4136,3205"/>
                <TextEquiv>
                    <Unicode>ye one is a piece of a stone pot made</Unicode>
                </TextEquiv>
            </TextLine>
            <TextLine id="tr_1_tl_11" custom="readingOrder {index:8;}">
                <Coords points="1963,3357 2047,3363 2136,3369 2226,3369 2316,3369 2405,3369 2495,3369 2584,3369 2674,3375 2763,3369 2853,3369 2942,3369 3032,3363 3121,3363 3211,3357 3300,3363 3390,3363 3480,3357 3569,3357 3659,3357 3748,3351 3838,3345 3927,3333 4017,3327 4017,3377 3927,3383 3838,3395 3748,3401 3659,3407 3569,3407 3480,3407 3390,3413 3300,3413 3211,3407 3121,3413 3032,3413 2942,3419 2853,3419 2763,3419 2674,3425 2584,3419 2495,3419 2405,3419 2316,3419 2226,3419 2136,3419 2047,3413 1963,3407"/>
                <Baseline points="1963,3402 2047,3408 2136,3414 2226,3414 2316,3414 2405,3414 2495,3414 2584,3414 2674,3420 2763,3414 2853,3414 2942,3414 3032,3408 3121,3408 3211,3402 3300,3408 3390,3408 3480,3402 3569,3402 3659,3402 3748,3396 3838,3390 3927,3378 4017,3372"/>
                <TextEquiv>
                    <Unicode>of a soft stone found in sevll : parts of</Unicode>
                </TextEquiv>
            </TextLine>
            <TextLine id="tr_1_tl_12" custom="readingOrder {index:9;}">
                <Coords points="1963,3560 2017,3554 2107,3554 2196,3554 2286,3554 2375,3554 2465,3554 2554,3554 2644,3554 2733,3554 2823,3548 2912,3548 3002,3554 3092,3554 3181,3554 3271,3554 3360,3548 3450,3548 3539,3548 3629,3548 3718,3548 3808,3542 3897,3536 3987,3530 3987,3580 3897,3586 3808,3592 3718,3598 3629,3598 3539,3598 3450,3598 3360,3598 3271,3604 3181,3604 3092,3604 3002,3604 2912,3598 2823,3598 2733,3604 2644,3604 2554,3604 2465,3604 2375,3604 2286,3604 2196,3604 2107,3604 2017,3604 1963,3610"/>
                <Baseline points="1963,3605 2017,3599 2107,3599 2196,3599 2286,3599 2375,3599 2465,3599 2554,3599 2644,3599 2733,3599 2823,3593 2912,3593 3002,3599 3092,3599 3181,3599 3271,3599 3360,3593 3450,3593 3539,3593 3629,3593 3718,3593 3808,3587 3897,3581 3987,3575"/>
                <TextEquiv>
                    <Unicode>our country &amp; indureth. ye. fire well.</Unicode>
                </TextEquiv>
            </TextLine>
            <TextEquiv>
                <Unicode>brought them from Hudson bay.&#13;
Different houragans, ou petits paniers fait&#13;
d'ecorces d'arbres par les Sauvages du Canada. Biron&#13;
p. 281.&#13;
2066 A Chaire made of Bambo Cane&#13;
2067. Pieces of Pots used by the Indians.&#13;
This I gather'd on our sea coast&#13;
ye one is a piece of a stone pot made&#13;
of a soft stone found in sevll : parts of&#13;
our country &amp; indureth. ye. fire well.</Unicode>
            </TextEquiv>
        </TextRegion>
        <TextRegion id="tr_5" custom="readingOrder {index:2;}">
            <Coords points="1939,3746 4118,3746 4118,4433 1939,4433"/>
            <TextLine id="tr_5_tl_1" custom="readingOrder {index:0;}">
                <Coords points="1939,3763 2029,3757 2119,3757 2208,3763 2298,3763 2387,3769 2477,3769 2566,3763 2656,3763 2745,3763 2835,3763 2924,3769 3014,3769 3103,3769 3193,3769 3283,3757 3372,3763 3462,3757 3551,3757 3641,3763 3730,3757 3820,3757 3909,3757 3999,3751 4088,3751 4088,3801 3999,3801 3909,3807 3820,3807 3730,3807 3641,3813 3551,3807 3462,3807 3372,3813 3283,3807 3193,3819 3103,3819 3014,3819 2924,3819 2835,3813 2745,3813 2656,3813 2566,3813 2477,3819 2387,3819 2298,3813 2208,3813 2119,3807 2029,3807 1939,3813"/>
                <Baseline points="1939,3808 2029,3802 2119,3802 2208,3808 2298,3808 2387,3814 2477,3814 2566,3808 2656,3808 2745,3808 2835,3808 2924,3814 3014,3814 3103,3814 3193,3814 3283,3802 3372,3808 3462,3802 3551,3802 3641,3808 3730,3802 3820,3802 3909,3802 3999,3796 4088,3796"/>
                <TextEquiv>
                    <Unicode>The other is a piece of a pot made</Unicode>
                </TextEquiv>
            </TextLine>
            <TextLine id="tr_5_tl_2" custom="readingOrder {index:1;}">
                <Coords points="1993,3984 2059,3984 2148,3984 2238,3984 2327,3984 2417,3984 2507,3984 2596,3978 2686,3966 2775,3972 2865,3972 2954,3972 3044,3966 3133,3966 3223,3966 3312,3960 3402,3960 3491,3960 3581,3960 3671,3960 3760,3960 3850,3960 3939,3960 4029,3960 4118,3954 4118,4004 4029,4010 3939,4010 3850,4010 3760,4010 3671,4010 3581,4010 3491,4010 3402,4010 3312,4010 3223,4016 3133,4016 3044,4016 2954,4022 2865,4022 2775,4022 2686,4016 2596,4028 2507,4034 2417,4034 2327,4034 2238,4034 2148,4034 2059,4034 1993,4034"/>
                <Baseline points="1993,4029 2059,4029 2148,4029 2238,4029 2327,4029 2417,4029 2507,4029 2596,4023 2686,4011 2775,4017 2865,4017 2954,4017 3044,4011 3133,4011 3223,4011 3312,4005 3402,4005 3491,4005 3581,4005 3671,4005 3760,4005 3850,4005 3939,4005 4029,4005 4118,3999"/>
                <TextEquiv>
                    <Unicode>of a white clay mix't wt : pounded</Unicode>
                </TextEquiv>
            </TextLine>
            <TextLine id="tr_5_tl_3" custom="readingOrder {index:2;}">
                <Coords points="1993,4175 2071,4175 2160,4175 2250,4175 2339,4169 2429,4175 2518,4175 2608,4169 2698,4169 2787,4169 2877,4163 2966,4157 3056,4151 3145,4151 3235,4157 3324,4151 3414,4157 3503,4157 3593,4163 3682,4163 3772,4169 3862,4169 3951,4169 4041,4163 4041,4213 3951,4219 3862,4219 3772,4219 3682,4213 3593,4213 3503,4207 3414,4207 3324,4201 3235,4207 3145,4201 3056,4201 2966,4207 2877,4213 2787,4219 2698,4219 2608,4219 2518,4225 2429,4225 2339,4219 2250,4225 2160,4225 2071,4225 1993,4225"/>
                <Baseline points="1993,4220 2071,4220 2160,4220 2250,4220 2339,4214 2429,4220 2518,4220 2608,4214 2698,4214 2787,4214 2877,4208 2966,4202 3056,4196 3145,4196 3235,4202 3324,4196 3414,4202 3503,4202 3593,4208 3682,4208 3772,4214 3862,4214 3951,4214 4041,4208"/>
                <TextEquiv>
                    <Unicode>shells I suppose to add a firmer</Unicode>
                </TextEquiv>
            </TextLine>
            <TextLine id="tr_5_tl_4" custom="readingOrder {index:3;}">
                <Coords points="1981,4360 2071,4372 2160,4378 2250,4378 2339,4378 2429,4378 2518,4378 2608,4378 2698,4378 2787,4372 2877,4366 2966,4366 3056,4360 3145,4354 3235,4360 3324,4360 3414,4360 3503,4360 3593,4360 3682,4366 3772,4372 3862,4366 3915,4366 3915,4416 3862,4416 3772,4422 3682,4416 3593,4410 3503,4410 3414,4410 3324,4410 3235,4410 3145,4404 3056,4410 2966,4416 2877,4416 2787,4422 2698,4428 2608,4428 2518,4428 2429,4428 2339,4428 2250,4428 2160,4428 2071,4422 1981,4410"/>
                <Baseline points="1981,4405 2071,4417 2160,4423 2250,4423 2339,4423 2429,4423 2518,4423 2608,4423 2698,4423 2787,4417 2877,4411 2966,4411 3056,4405 3145,4399 3235,4405 3324,4405 3414,4405 3503,4405 3593,4405 3682,4411 3772,4417 3862,4411 3915,4411"/>
                <TextEquiv>
                    <Unicode>Consistency to it I suppose the</Unicode>
                </TextEquiv>
            </TextLine>
            <TextEquiv>
                <Unicode>The other is a piece of a pot made&#13;
of a white clay mix't wt : pounded&#13;
shells I suppose to add a firmer&#13;
Consistency to it I suppose the</Unicode>
            </TextEquiv>
        </TextRegion>
        <TextRegion id="tr_3" custom="readingOrder {index:3;}">
            <Coords points="1922,4528 4070,4528 4070,5955 1922,5955"/>
            <TextLine id="tr_3_tl_1" custom="readingOrder {index:0;}">
                <Coords points="1981,4563 2035,4569 2125,4575 2214,4569 2304,4569 2393,4575 2483,4575 2572,4569 2662,4563 2751,4557 2841,4557 2930,4557 3020,4551 3109,4545 3199,4545 3289,4545 3378,4539 3468,4539 3557,4545 3647,4545 3736,4545 3826,4545 3915,4539 4005,4533 4005,4583 3915,4589 3826,4595 3736,4595 3647,4595 3557,4595 3468,4589 3378,4589 3289,4595 3199,4595 3109,4595 3020,4601 2930,4607 2841,4607 2751,4607 2662,4613 2572,4619 2483,4625 2393,4625 2304,4619 2214,4619 2125,4625 2035,4619 1981,4613"/>
                <Baseline points="1981,4608 2035,4614 2125,4620 2214,4614 2304,4614 2393,4620 2483,4620 2572,4614 2662,4608 2751,4602 2841,4602 2930,4602 3020,4596 3109,4590 3199,4590 3289,4590 3378,4584 3468,4584 3557,4590 3647,4590 3736,4590 3826,4590 3915,4584 4005,4578"/>
                <TextEquiv>
                    <Unicode>roughness on the out side was</Unicode>
                </TextEquiv>
            </TextLine>
            <TextLine id="tr_3_tl_2" custom="readingOrder {index:1;}">
                <Coords points="1999,4778 2035,4784 2125,4790 2214,4790 2304,4784 2393,4784 2483,4778 2572,4766 2662,4772 2751,4772 2841,4772 2930,4772 3020,4772 3109,4766 3199,4754 3289,4754 3378,4754 3468,4754 3557,4760 3647,4760 3736,4760 3826,4760 3915,4754 3915,4804 3826,4810 3736,4810 3647,4810 3557,4810 3468,4804 3378,4804 3289,4804 3199,4804 3109,4816 3020,4822 2930,4822 2841,4822 2751,4822 2662,4822 2572,4816 2483,4828 2393,4834 2304,4834 2214,4840 2125,4840 2035,4834 1999,4828"/>
                <Baseline points="1999,4823 2035,4829 2125,4835 2214,4835 2304,4829 2393,4829 2483,4823 2572,4811 2662,4817 2751,4817 2841,4817 2930,4817 3020,4817 3109,4811 3199,4799 3289,4799 3378,4799 3468,4799 3557,4805 3647,4805 3736,4805 3826,4805 3915,4799"/>
                <TextEquiv>
                    <Unicode>done wt. design for most on</Unicode>
                </TextEquiv>
            </TextLine>
            <TextLine id="tr_3_tl_3" custom="readingOrder {index:2;}">
                <Coords points="1993,4951 2083,4957 2172,4963 2262,4963 2351,4963 2441,4963 2530,4963 2620,4963 2710,4969 2799,4963 2889,4957 2978,4963 3068,4957 3157,4969 3247,4969 3336,4963 3426,4963 3515,4969 3605,4969 3694,4969 3784,4963 3808,4957 3808,5007 3784,5013 3694,5019 3605,5019 3515,5019 3426,5013 3336,5013 3247,5019 3157,5019 3068,5007 2978,5013 2889,5007 2799,5013 2710,5019 2620,5013 2530,5013 2441,5013 2351,5013 2262,5013 2172,5013 2083,5007 1993,5001"/>
                <Baseline points="1993,4996 2083,5002 2172,5008 2262,5008 2351,5008 2441,5008 2530,5008 2620,5008 2710,5014 2799,5008 2889,5002 2978,5008 3068,5002 3157,5014 3247,5014 3336,5008 3426,5008 3515,5014 3605,5014 3694,5014 3784,5008 3808,5002"/>
                <TextEquiv>
                    <Unicode>our sea coast &amp; Susquehama</Unicode>
                </TextEquiv>
            </TextLine>
            <TextLine id="tr_3_tl_4" custom="readingOrder {index:3;}">
                <Coords points="1945,5112 1969,5112 2059,5118 2148,5124 2238,5124 2327,5118 2417,5124 2507,5124 2596,5124 2686,5124 2775,5124 2865,5124 2954,5124 3044,5118 3133,5118 3223,5118 3312,5118 3402,5118 3491,5118 3581,5112 3671,5112 3760,5106 3850,5106 3939,5100 3939,5150 3850,5156 3760,5156 3671,5162 3581,5162 3491,5168 3402,5168 3312,5168 3223,5168 3133,5168 3044,5168 2954,5174 2865,5174 2775,5174 2686,5174 2596,5174 2507,5174 2417,5174 2327,5168 2238,5174 2148,5174 2059,5168 1969,5162 1945,5162"/>
                <Baseline points="1945,5157 1969,5157 2059,5163 2148,5169 2238,5169 2327,5163 2417,5169 2507,5169 2596,5169 2686,5169 2775,5169 2865,5169 2954,5169 3044,5163 3133,5163 3223,5163 3312,5163 3402,5163 3491,5163 3581,5157 3671,5157 3760,5151 3850,5151 3939,5145"/>
                <TextEquiv>
                    <Unicode>is so but I have one that was</Unicode>
                </TextEquiv>
            </TextLine>
            <TextLine id="tr_3_tl_5" custom="readingOrder {index:4;}">
                <Coords points="1945,5315 1957,5315 2047,5327 2136,5327 2226,5327 2316,5321 2405,5327 2495,5327 2584,5321 2674,5321 2763,5321 2853,5315 2942,5309 3032,5309 3121,5309 3211,5309 3300,5309 3390,5303 3480,5297 3569,5297 3659,5291 3659,5341 3569,5347 3480,5347 3390,5353 3300,5359 3211,5359 3121,5359 3032,5359 2942,5359 2853,5365 2763,5371 2674,5371 2584,5371 2495,5377 2405,5377 2316,5371 2226,5377 2136,5377 2047,5377 1957,5365 1945,5365"/>
                <Baseline points="1945,5360 1957,5360 2047,5372 2136,5372 2226,5372 2316,5366 2405,5372 2495,5372 2584,5366 2674,5366 2763,5366 2853,5360 2942,5354 3032,5354 3121,5354 3211,5354 3300,5354 3390,5348 3480,5342 3569,5342 3659,5336"/>
                <TextEquiv>
                    <Unicode>found between delaware &amp;</Unicode>
                </TextEquiv>
            </TextLine>
            <TextLine id="tr_3_tl_6" custom="readingOrder {index:5;}">
                <Coords points="1928,5494 1934,5494 2023,5500 2113,5506 2202,5506 2292,5506 2381,5506 2471,5506 2560,5500 2650,5500 2739,5500 2829,5500 2918,5494 3008,5494 3098,5494 3187,5488 3277,5482 3366,5482 3456,5476 3545,5476 3635,5470 3724,5464 3814,5452 3814,5502 3724,5514 3635,5520 3545,5526 3456,5526 3366,5532 3277,5532 3187,5538 3098,5544 3008,5544 2918,5544 2829,5550 2739,5550 2650,5550 2560,5550 2471,5556 2381,5556 2292,5556 2202,5556 2113,5556 2023,5550 1934,5544 1928,5544"/>
                <Baseline points="1928,5539 1934,5539 2023,5545 2113,5551 2202,5551 2292,5551 2381,5551 2471,5551 2560,5545 2650,5545 2739,5545 2829,5545 2918,5539 3008,5539 3098,5539 3187,5533 3277,5527 3366,5527 3456,5521 3545,5521 3635,5515 3724,5509 3814,5497"/>
                <TextEquiv>
                    <Unicode>Hudson river that was very</Unicode>
                </TextEquiv>
            </TextLine>
            <TextLine id="tr_3_tl_7" custom="readingOrder {index:6;}">
                <Coords points="1922,5685 2005,5685 2095,5691 2184,5691 2274,5691 2363,5691 2453,5691 2542,5691 2632,5691 2721,5685 2811,5685 2901,5685 2990,5679 3080,5679 3169,5673 3259,5673 3348,5667 3438,5673 3527,5661 3617,5661 3706,5661 3796,5655 3885,5643 3885,5693 3796,5705 3706,5711 3617,5711 3527,5711 3438,5723 3348,5717 3259,5723 3169,5723 3080,5729 2990,5729 2901,5735 2811,5735 2721,5735 2632,5741 2542,5741 2453,5741 2363,5741 2274,5741 2184,5741 2095,5741 2005,5735 1922,5735"/>
                <Baseline points="1922,5730 2005,5730 2095,5736 2184,5736 2274,5736 2363,5736 2453,5736 2542,5736 2632,5736 2721,5730 2811,5730 2901,5730 2990,5724 3080,5724 3169,5718 3259,5718 3348,5712 3438,5718 3527,5706 3617,5706 3706,5706 3796,5700 3885,5688"/>
                <TextEquiv>
                    <Unicode>smooth on the out side. from</Unicode>
                </TextEquiv>
            </TextLine>
            <TextLine id="tr_3_tl_8" custom="readingOrder {index:7;}">
                <Coords points="1957,5900 2011,5900 2101,5900 2190,5900 2280,5894 2369,5894 2459,5894 2548,5888 2638,5882 2727,5882 2817,5882 2906,5876 2996,5870 3086,5864 3175,5858 3265,5858 3354,5852 3444,5852 3533,5846 3623,5840 3712,5834 3802,5828 3891,5822 3981,5816 4070,5804 4070,5854 3981,5866 3891,5872 3802,5878 3712,5884 3623,5890 3533,5896 3444,5902 3354,5902 3265,5908 3175,5908 3086,5914 2996,5920 2906,5926 2817,5932 2727,5932 2638,5932 2548,5938 2459,5944 2369,5944 2280,5944 2190,5950 2101,5950 2011,5950 1957,5950"/>
                <Baseline points="1957,5945 2011,5945 2101,5945 2190,5945 2280,5939 2369,5939 2459,5939 2548,5933 2638,5927 2727,5927 2817,5927 2906,5921 2996,5915 3086,5909 3175,5903 3265,5903 3354,5897 3444,5897 3533,5891 3623,5885 3712,5879 3802,5873 3891,5867 3981,5861 4070,5849"/>
                <TextEquiv>
                    <Unicode>Philadelphia by  Mr. Bartram</Unicode>
                </TextEquiv>
            </TextLine>
            <TextEquiv>
                <Unicode>roughness on the out side was&#13;
done wt. design for most on&#13;
our sea coast &amp; Susquehama&#13;
is so but I have one that was&#13;
found between delaware &amp;&#13;
Hudson river that was very&#13;
smooth on the out side. from&#13;
Philadelphia by  Mr. Bartram</Unicode>
            </TextEquiv>
        </TextRegion>
        <TextRegion id="tr_4" custom="readingOrder {index:4;}">
            <Coords points="1587,6080 4172,6080 4172,6946 1587,6946"/>
            <TextLine id="tr_4_tl_1" custom="readingOrder {index:0;}">
                <Coords points="2005,6151 2053,6156 2142,6156 2232,6156 2322,6156 2411,6156 2501,6156 2590,6156 2680,6151 2769,6151 2859,6151 2948,6145 3038,6139 3127,6127 3217,6127 3306,6127 3396,6121 3486,6115 3575,6109 3665,6103 3754,6097 3844,6091 3933,6091 4023,6085 4023,6135 3933,6141 3844,6141 3754,6147 3665,6153 3575,6159 3486,6165 3396,6171 3306,6177 3217,6177 3127,6177 3038,6189 2948,6195 2859,6201 2769,6201 2680,6201 2590,6206 2501,6206 2411,6206 2322,6206 2232,6206 2142,6206 2053,6206 2005,6201"/>
                <Baseline points="1597,6230 1626,6228 1665,6225 1695,6221 1739,6211 1782,6209 1838,6207 1877,6207 1957,6201 2005,6196 2053,6201 2142,6201 2232,6201 2322,6201 2411,6201 2501,6201 2590,6201 2680,6196 2769,6196 2859,6196 2948,6190 3038,6184 3127,6172 3217,6172 3306,6172 3396,6166 3486,6160 3575,6154 3665,6148 3754,6142 3844,6136 3933,6136 4023,6130"/>
                <TextEquiv>
                    <Unicode>2068. Two others. This I gather'd on our</Unicode>
                </TextEquiv>
            </TextLine>
            <TextLine id="tr_4_tl_3" custom="readingOrder {index:1;}">
                <Coords points="1975,6312 2053,6312 2142,6312 2232,6312 2322,6312 2411,6312 2501,6312 2590,6312 2680,6306 2769,6306 2859,6306 2948,6306 3038,6300 3127,6294 3217,6294 3306,6294 3396,6288 3486,6282 3575,6276 3665,6276 3754,6264 3844,6252 3844,6302 3754,6314 3665,6326 3575,6326 3486,6332 3396,6338 3306,6344 3217,6344 3127,6344 3038,6350 2948,6356 2859,6356 2769,6356 2680,6356 2590,6362 2501,6362 2411,6362 2322,6362 2232,6362 2142,6362 2053,6362 1975,6362"/>
                <Baseline points="1975,6357 2053,6357 2142,6357 2232,6357 2322,6357 2411,6357 2501,6357 2590,6357 2680,6351 2769,6351 2859,6351 2948,6351 3038,6345 3127,6339 3217,6339 3306,6339 3396,6333 3486,6327 3575,6321 3665,6321 3754,6309 3844,6297"/>
                <TextEquiv>
                    <Unicode>sea coast their composition</Unicode>
                </TextEquiv>
            </TextLine>
            <TextLine id="tr_4_tl_4" custom="readingOrder {index:2;}">
                <Coords points="1993,6461 2065,6467 2154,6467 2244,6467 2333,6467 2423,6473 2513,6467 2602,6467 2692,6461 2781,6461 2871,6455 2960,6455 3050,6449 3139,6443 3229,6437 3318,6437 3408,6431 3497,6431 3587,6419 3677,6419 3766,6413 3856,6407 3945,6395 3945,6445 3856,6457 3766,6463 3677,6469 3587,6469 3497,6481 3408,6481 3318,6487 3229,6487 3139,6493 3050,6499 2960,6505 2871,6505 2781,6511 2692,6511 2602,6517 2513,6517 2423,6523 2333,6517 2244,6517 2154,6517 2065,6517 1993,6511"/>
                <Baseline points="1993,6506 2065,6512 2154,6512 2244,6512 2333,6512 2423,6518 2513,6512 2602,6512 2692,6506 2781,6506 2871,6500 2960,6500 3050,6494 3139,6488 3229,6482 3318,6482 3408,6476 3497,6476 3587,6464 3677,6464 3766,6458 3856,6452 3945,6440"/>
                <TextEquiv>
                    <Unicode>is different from there I found</Unicode>
                </TextEquiv>
            </TextLine>
            <TextLine id="tr_4_tl_5" custom="readingOrder {index:3;}">
                <Coords points="1993,6616 2029,6616 2119,6610 2208,6610 2298,6604 2387,6598 2477,6598 2566,6598 2656,6598 2745,6598 2835,6598 2924,6598 3014,6592 3103,6586 3193,6580 3283,6574 3372,6568 3462,6562 3551,6556 3641,6544 3730,6539 3820,6533 3909,6527 3999,6515 3999,6565 3909,6577 3820,6583 3730,6589 3641,6594 3551,6606 3462,6612 3372,6618 3283,6624 3193,6630 3103,6636 3014,6642 2924,6648 2835,6648 2745,6648 2656,6648 2566,6648 2477,6648 2387,6648 2298,6654 2208,6660 2119,6660 2029,6666 1993,6666"/>
                <Baseline points="1993,6661 2029,6661 2119,6655 2208,6655 2298,6649 2387,6643 2477,6643 2566,6643 2656,6643 2745,6643 2835,6643 2924,6643 3014,6637 3103,6631 3193,6625 3283,6619 3372,6613 3462,6607 3551,6601 3641,6589 3730,6584 3820,6578 3909,6572 3999,6560"/>
                <TextEquiv>
                    <Unicode>near Susquehama but in both</Unicode>
                </TextEquiv>
            </TextLine>
            <TextLine id="tr_4_tl_6" custom="readingOrder {index:4;}">
                <Coords points="1963,6777 2035,6765 2125,6759 2214,6759 2304,6759 2393,6759 2483,6753 2572,6747 2662,6747 2751,6741 2841,6741 2930,6741 3020,6741 3109,6741 3199,6735 3289,6730 3378,6730 3468,6730 3557,6718 3647,6706 3736,6700 3826,6694 3826,6744 3736,6750 3647,6756 3557,6768 3468,6780 3378,6780 3289,6780 3199,6785 3109,6791 3020,6791 2930,6791 2841,6791 2751,6791 2662,6797 2572,6797 2483,6803 2393,6809 2304,6809 2214,6809 2125,6809 2035,6815 1963,6827"/>
                <Baseline points="1963,6822 2035,6810 2125,6804 2214,6804 2304,6804 2393,6804 2483,6798 2572,6792 2662,6792 2751,6786 2841,6786 2930,6786 3020,6786 3109,6786 3199,6780 3289,6775 3378,6775 3468,6775 3557,6763 3647,6751 3736,6745 3826,6739"/>
                <TextEquiv>
                    <Unicode>I observe shells gravel or</Unicode>
                </TextEquiv>
            </TextLine>
            <TextLine id="tr_4_tl_9" custom="readingOrder {index:5;}">
                <Coords points="2184,6885 2232,6879 2322,6885 2411,6885 2501,6891 2590,6891 2680,6885 2769,6885 2859,6885 2948,6879 2948,6929 2859,6935 2769,6935 2680,6935 2590,6941 2501,6941 2411,6935 2322,6935 2232,6929 2184,6935"/>
                <Baseline points="1982,6937 2032,6935 2071,6935 2133,6937 2184,6930 2232,6924 2322,6930 2411,6930 2501,6936 2590,6936 2680,6930 2769,6930 2859,6930 2948,6924 2992,6919 3028,6919 3061,6920 3121,6919 3140,6917 3185,6917 3260,6917 3313,6908 3361,6909 3402,6907 3464,6906 3487,6906 3539,6903 3595,6904 3623,6902 3679,6897 3711,6888 3768,6887 3804,6886 3819,6886"/>
                <TextEquiv>
                    <Unicode>some other hard solid matters</Unicode>
                </TextEquiv>
            </TextLine>
            <TextEquiv>
                <Unicode>2068. Two others. This I gather'd on our&#13;
sea coast their composition&#13;
is different from there I found&#13;
near Susquehama but in both&#13;
I observe shells gravel or&#13;
some other hard solid matters</Unicode>
            </TextEquiv>
        </TextRegion>
    </Page>
</PcGts>
