4912 7360
552 723 865 832 245
865 729 3152 840 259. A pair of perfum'd pink'd Roman
3769 833 3888 885 22
980 903 1856 1064 29 b gloves.
542 1471 3048 1660 245. 260. An Indian purse made of a webb.
1354 1687 3128 1884 19-P footed large fowl wt. brasse taggs
3509 1713 3676 1800 X
1380 1909 1676 2032 to it.
638 2269 3040 2438 244. 261. An Indian Colender made of rushes
3236 2415 3375 2499 X
1128 2423 1312 2528 19. O.
756 2430 888 2542 d
1370 2485 2660 2668 in the form of a spoon.
460 3045 2190 3174 262. A Turkish letter.
954 3188 1298 3308 27. b.
650 3481 3042 3640 263. A sort of earthen ware that comes-
714 3667 3138 3868 ✓ d 19 f out of Spain that smells well espec=
3611 3801 4001 3884 0. 0. 6.
1316 3841 2290 3972 =ially if wetted.
572 4281 3060 4426 264. Two glasses? or Christall? an to sett
748 4451 888 4507 d
1396 4481 2086 4602 upon lockets?
628 4847 2758 5010 199 265. A litle ovall serpentine box.
530 5035 815 5105 < d
526 5153 3162 5378 -266. A piece of a concave mettall in glasse-
766 5325 2374 5498 d 24 C belong'd to Dr. Hook?
966 5774 3022 5884 244. P. -267. A piece of wood on wch. are cutt
948 5930 1010 5989 24
1432 5943 2346 6086 China characters.
568 6171 2872 6410 24 199 e 268. A Chinese shoe for a woman 5th
3652 6237 4035 6300 0. 10. 0.
1040 6494 1925 6640 269. A Chinese
1925 6494 3100 6618 horn for gun powder.
3232 6587 3397 6721 X
1396 6619 2568 6756 19. J. given me by Fa. Fountenay.
628 6815 2954 6984 270. A flask full of Chinese Gun powder.
3260 6888 3415 6946 X
