4912 7360
1898 814 3969 918 wt : the Clay. I suppose to strengthen
1910 975 3682 1091 ye body of it & keep it from
1892 1136 3653 1246 cracking wt. the fire. Id.
1928 1441 4082 1539 2069. A pair of Stockings of Beavers
1886 1620 3963 1730 skin prepar'd wt. his brain &
1569 1727 1778 1783 19 X
1898 1817 4070 1927 streak'd wt. red wt. the root of
1396 1871 1659 1933 245.
2423 2026 4059 2112 adorn'd wt. fringes made
1922 2229 4053 2327 wt. porcupins quils & hair dyed
1975 2402 3623 2529 red . from Mr. Wright
1969 2736 4011 2858 2070. The skin of a Martin adorn'd
1528 2975 1868 3061 19 N.
1957 3017 4082 3120 wt. Porcupines quils wch. the
1945 3226 4023 3317 Indian hang up at the doors
1420 3238 1766 3294 220. i
1910 3399 3390 3496 for an Amulet Id.
1993 3805 3939 3926 2071. Casts of sevll : medal in Plaister
1259 3984 1540 4081 21 R.
1975 3990 4178 4135 of Paris given me by Mr. Seregold
1593 4419 3796 4517 2072. Several pieces of carv'd Ivory
1951 4604 3993 4696 likely taken from Amber Cabinets
1623 4622 1898 4684 19. e.
1957 4784 3909 4881 where they were for ornament.
1474 5033 1857 5095 199. d
1605 5189 3838 5293 2073. Part of a Necklace made of
1593 5363 3844 5526 29 b. the fruit of the Lotus from
1945 5607 2518 5663 Virginia
1683 5882 4065 5968 2074. Three Roman Imperiall Medals
1665 6055 2286 6159 27 a cut
1396 6306 4029 6481 27 b. 2075. Seal & Impressions. Ancient
2017 6527 2686 6600 & modern
