4912 7360
560 712 3060 924 247. -290. Thirteen plates of Green Serpentine
3807 884 3913 934 25
858 915 994 1038 30
1296 902 3078 1130 stone. A cup with cover of a dark
1296 1103 3064 1298 & Base story Serpentine stone. The same of a paler
1280 1332 3040 1475 colour. Two scollop'd shallow cups
2332 1434 2396 1489 a
2054 1483 2478 1555 wanting piece
1296 1527 2094 1641 of pale serpentine stone Two
1276 1723 2960 1876 square boxes with locks of pale
1320 1907 3028 2090 serpentine stone. Two Candlesticks
1324 2095 3088 2286 of the same. One Tankard of redish
1304 2313 3120 2506 Serpentine. One tea pott, 2 Canisters
1294 2581 3084 2760 One sugar dish. One Standish wt.
3330 2669 4048 2824 2. 3. 0.
1286 2787 3062 2986 Ink pott, sand & wafer box five
1292 3025 2378 3161 Candlesticks wanting
2378 3046 3042 3184 piece. s. Six
1288 3235 2956 3372 dishes 2 of them broken. Three
1296 3407 3040 3552 mortars, one pestle. Two cups wt.
1304 3573 3024 3726 covers on 3 knobs. One boat. Two
1290 3747 3048 3914 Sand boxes. Six cups. ten saucers
1290 3967 3090 4170 Ink pott with a cover. Two dram.
1306 4161 3094 4322 cups one broken Knive cane, hafts
1334 4333 2794 4452 beads &c. of Dr Adairs- Exl.
1214 4551 3066 4700 -291. A marbled earthen bason glased
3318 4647 3914 4790 0. 2. 6.
382 4721 762 4858 ✓ 216
1240 4745 3140 4880 with white redish green & brown
878 4785 1072 4912 30.
1250 4941 1812 5064 colours
912 5283 3399 5472 251. -292. A red earthen coffee cup glased
3399 5328 3936 5470 0. 0. 6.
894 5459 2672 5606 30 wt. brown & blew spotts
936 5717 3389 5918 -293. A blew glasse bottle. channel'd
3389 5717 3914 5834 0. 0. 6
785 5912 938 5966 30
3318 5941 3968 6076 0. 0. 6
884 5963 2740 6156 -294. A green glasse mugg
3318 6155 3958 6276 0. 0. 6.
536 6185 2836 6418 -295. A small blew glasse mugg
3390 6379 3938 6510 0. 0. 6.
708 6414 808 6506 30
526 6438 2042 6665 300. 296. cover to it
3334 6659 3626 6782 0. 0. 6.
504 6693 2578 6950 -297. A blew & white mugg
