<?xml version="1.0" encoding="UTF-8" standalone="yes"?>
<PcGts xmlns="http://schema.primaresearch.org/PAGE/gts/pagecontent/2013-07-15" xmlns:xsi="http://www.w3.org/2001/XMLSchema-instance" xsi:schemaLocation="http://schema.primaresearch.org/PAGE/gts/pagecontent/2013-07-15 http://schema.primaresearch.org/PAGE/gts/pagecontent/2013-07-15/pagecontent.xsd">
    <Metadata>
        <Creator>Transkribus</Creator>
        <Created>2023-03-11T16:12:52.791Z</Created>
        <LastChange>2023-04-20T17:19:39.519+02:00</LastChange>
        <TranskribusMetadata docId="1360439" pageId="53217550" pageNr="52" tsid="118986654" status="GT" userId="10603" imgUrl="https://files.transkribus.eu/Get?id=ZOVTNMPUFBKPTLISWHNMZSEN&amp;fileType=view" xmlUrl="https://files.transkribus.eu/Get?id=KAREMBDPDXFIZWTKJAHEDZSF" imageId="43210582"/>
    </Metadata>
    <Page imageFilename="0052_EPF108491026v.tif" imageWidth="4912" imageHeight="7360">
        <ReadingOrder>
            <OrderedGroup id="ro_1717685695694" caption="Regions reading order">
                <RegionRefIndexed index="0" regionRef="tr_2"/>
                <RegionRefIndexed index="1" regionRef="tr_1"/>
            </OrderedGroup>
        </ReadingOrder>
        <TextRegion id="tr_2" custom="readingOrder {index:0;}">
            <Coords points="244,779 4226,779 4226,4075 244,4075"/>
            <TextLine id="tr_2_tl_1" custom="readingOrder {index:0;}">
                <Coords points="1557,838 1563,838 1653,844 1743,838 1832,832 1922,820 1934,820 2023,826 2113,832 2202,832 2292,832 2381,832 2471,826 2560,820 2650,814 2739,808 2829,808 2918,802 3008,796 3098,790 3187,784 3277,784 3366,784 3456,790 3545,790 3635,796 3724,808 3814,820 3903,832 3993,838 4082,850 4106,844 4106,894 4082,900 3993,888 3903,882 3814,870 3724,858 3635,846 3545,840 3456,840 3366,834 3277,834 3187,834 3098,840 3008,846 2918,852 2829,858 2739,858 2650,864 2560,870 2471,876 2381,882 2292,882 2202,882 2113,882 2023,876 1934,870 1922,870 1832,882 1743,888 1653,894 1563,888 1557,888"/>
                <Baseline points="1557,883 1563,883 1653,889 1743,883 1832,877 1922,865 1934,865 2023,871 2113,877 2202,877 2292,877 2381,877 2471,871 2560,865 2650,859 2739,853 2829,853 2918,847 3008,841 3098,835 3187,829 3277,829 3366,829 3456,835 3545,835 3635,841 3724,853 3814,865 3903,877 3993,883 4082,895 4106,889"/>
                <TextEquiv>
                    <Unicode>2101. A Frame containing two Medalls</Unicode>
                </TextEquiv>
            </TextLine>
            <TextLine id="tr_2_tl_2" custom="readingOrder {index:1;}">
                <Coords points="1880,1005 1928,1005 2017,1005 2107,1005 2196,1005 2286,999 2375,993 2465,987 2554,981 2644,975 2733,963 2823,963 2912,957 3002,951 3092,945 3181,939 3271,939 3360,945 3450,945 3539,951 3629,951 3718,969 3808,981 3897,993 3987,999 4076,999 4076,1049 3987,1049 3897,1043 3808,1031 3718,1019 3629,1001 3539,1001 3450,995 3360,995 3271,989 3181,989 3092,995 3002,1001 2912,1007 2823,1013 2733,1013 2644,1025 2554,1031 2465,1037 2375,1043 2286,1049 2196,1055 2107,1055 2017,1055 1928,1055 1880,1055"/>
                <Baseline points="1880,1050 1928,1050 2017,1050 2107,1050 2196,1050 2286,1044 2375,1038 2465,1032 2554,1026 2644,1020 2733,1008 2823,1008 2912,1002 3002,996 3092,990 3181,984 3271,984 3360,990 3450,990 3539,996 3629,996 3718,1014 3808,1026 3897,1038 3987,1044 4076,1044"/>
                <TextEquiv>
                    <Unicode>of the Duke of Cumberland two of</Unicode>
                </TextEquiv>
            </TextLine>
            <TextLine id="tr_2_tl_3" custom="readingOrder {index:2;}">
                <Coords points="1880,1178 1904,1178 1993,1166 2083,1166 2172,1166 2262,1166 2351,1166 2441,1154 2530,1142 2620,1142 2710,1136 2799,1130 2889,1124 2978,1118 3068,1113 3157,1107 3247,1107 3336,1107 3426,1107 3515,1107 3605,1118 3694,1124 3784,1142 3873,1154 3963,1166 4053,1172 4053,1222 3963,1216 3873,1204 3784,1192 3694,1174 3605,1168 3515,1157 3426,1157 3336,1157 3247,1157 3157,1157 3068,1163 2978,1168 2889,1174 2799,1180 2710,1186 2620,1192 2530,1192 2441,1204 2351,1216 2262,1216 2172,1216 2083,1216 1993,1216 1904,1228 1880,1228"/>
                <Baseline points="1880,1223 1904,1223 1993,1211 2083,1211 2172,1211 2262,1211 2351,1211 2441,1199 2530,1187 2620,1187 2710,1181 2799,1175 2889,1169 2978,1163 3068,1158 3157,1152 3247,1152 3336,1152 3426,1152 3515,1152 3605,1163 3694,1169 3784,1187 3873,1199 3963,1211 4053,1217"/>
                <TextEquiv>
                    <Unicode>Sr. Isaac Newton and one of Pope</Unicode>
                </TextEquiv>
            </TextLine>
            <TextLine id="tr_2_tl_4" custom="readingOrder {index:3;}">
                <Coords points="1922,1339 1951,1345 2041,1351 2130,1345 2220,1345 2310,1345 2399,1339 2489,1333 2578,1327 2668,1321 2757,1315 2847,1315 2936,1310 3026,1304 3115,1298 3205,1298 3294,1298 3384,1298 3474,1304 3563,1304 3653,1304 3742,1310 3832,1310 3921,1315 4011,1310 4011,1360 3921,1365 3832,1360 3742,1360 3653,1354 3563,1354 3474,1354 3384,1348 3294,1348 3205,1348 3115,1348 3026,1354 2936,1360 2847,1365 2757,1365 2668,1371 2578,1377 2489,1383 2399,1389 2310,1395 2220,1395 2130,1395 2041,1401 1951,1395 1922,1389"/>
                <Baseline points="1922,1384 1951,1390 2041,1396 2130,1390 2220,1390 2310,1390 2399,1384 2489,1378 2578,1372 2668,1366 2757,1360 2847,1360 2936,1355 3026,1349 3115,1343 3205,1343 3294,1343 3384,1343 3474,1349 3563,1349 3653,1349 3742,1355 3832,1355 3921,1360 4011,1355"/>
                <TextEquiv>
                    <Unicode>Alexander VIII. All turn'd by Mr.</Unicode>
                </TextEquiv>
            </TextLine>
            <TextLine id="tr_2_tl_5" custom="readingOrder {index:4;}">
                <Coords points="1916,1512 2005,1524 2095,1524 2184,1524 2274,1518 2363,1512 2453,1512 2542,1506 2632,1506 2721,1501 2811,1495 2901,1489 2990,1483 3080,1477 3169,1471 3259,1471 3348,1471 3438,1471 3527,1471 3617,1483 3706,1483 3796,1489 3885,1489 3975,1495 4065,1506 4154,1512 4190,1512 4190,1562 4154,1562 4065,1556 3975,1545 3885,1539 3796,1539 3706,1533 3617,1533 3527,1521 3438,1521 3348,1521 3259,1521 3169,1521 3080,1527 2990,1533 2901,1539 2811,1545 2721,1551 2632,1556 2542,1556 2453,1562 2363,1562 2274,1568 2184,1574 2095,1574 2005,1574 1916,1562"/>
                <Baseline points="1916,1557 2005,1569 2095,1569 2184,1569 2274,1563 2363,1557 2453,1557 2542,1551 2632,1551 2721,1546 2811,1540 2901,1534 2990,1528 3080,1522 3169,1516 3259,1516 3348,1516 3438,1516 3527,1516 3617,1528 3706,1528 3796,1534 3885,1534 3975,1540 4065,1551 4154,1557 4190,1557"/>
                <TextEquiv>
                    <Unicode>John Jackson in an engine invented</Unicode>
                </TextEquiv>
            </TextLine>
            <TextLine id="tr_2_tl_6" custom="readingOrder {index:5;}">
                <Coords points="1957,1703 2047,1709 2136,1715 2226,1709 2316,1703 2405,1698 2495,1686 2584,1686 2674,1686 2763,1680 2853,1674 2942,1674 3032,1668 3121,1662 3211,1656 3300,1662 3390,1662 3480,1668 3569,1668 3659,1668 3748,1674 3838,1680 3927,1692 4017,1709 4106,1709 4112,1703 4112,1753 4106,1759 4017,1759 3927,1742 3838,1730 3748,1724 3659,1718 3569,1718 3480,1718 3390,1712 3300,1712 3211,1706 3121,1712 3032,1718 2942,1724 2853,1724 2763,1730 2674,1736 2584,1736 2495,1736 2405,1748 2316,1753 2226,1759 2136,1765 2047,1759 1957,1753"/>
                <Baseline points="1957,1748 2047,1754 2136,1760 2226,1754 2316,1748 2405,1743 2495,1731 2584,1731 2674,1731 2763,1725 2853,1719 2942,1719 3032,1713 3121,1707 3211,1701 3300,1707 3390,1707 3480,1713 3569,1713 3659,1713 3748,1719 3838,1725 3927,1737 4017,1754 4106,1754 4112,1748"/>
                <TextEquiv>
                    <Unicode>by him. The small medalls of the</Unicode>
                </TextEquiv>
            </TextLine>
            <TextLine id="line_1680529338244_86" custom="readingOrder {index:6;}">
                <Coords points="1416,1919 1443,1862 1469,1808 1515,1745 1555,1775 1512,1834 1489,1884 1460,1941"/>
                <Baseline points="1456,1939 1484,1882 1508,1831 1551,1772"/>
                <TextEquiv>
                    <Unicode>X</Unicode>
                </TextEquiv>
            </TextLine>
            <TextLine id="tr_2_tl_7" custom="readingOrder {index:7;}">
                <Coords points="1951,1883 1999,1889 2089,1894 2178,1889 2268,1883 2357,1877 2447,1871 2536,1865 2626,1859 2715,1859 2805,1853 2895,1853 2984,1847 3074,1841 3163,1847 3253,1841 3342,1847 3432,1847 3521,1847 3611,1847 3700,1847 3790,1853 3879,1859 3969,1871 4059,1871 4059,1921 3969,1921 3879,1909 3790,1903 3700,1897 3611,1897 3521,1897 3432,1897 3342,1897 3253,1891 3163,1897 3074,1891 2984,1897 2895,1903 2805,1903 2715,1909 2626,1909 2536,1915 2447,1921 2357,1927 2268,1933 2178,1939 2089,1944 1999,1939 1951,1933"/>
                <Baseline points="1951,1928 1999,1934 2089,1939 2178,1934 2268,1928 2357,1922 2447,1916 2536,1910 2626,1904 2715,1904 2805,1898 2895,1898 2984,1892 3074,1886 3163,1892 3253,1886 3342,1892 3432,1892 3521,1892 3611,1892 3700,1892 3790,1898 3879,1904 3969,1916 4059,1916"/>
                <TextEquiv>
                    <Unicode>Duke &amp; Sr. Isaac Newton are the</Unicode>
                </TextEquiv>
            </TextLine>
            <TextLine id="tr_2_tl_8" custom="readingOrder {index:8;}">
                <Coords points="1969,2085 2017,2085 2107,2085 2196,2080 2286,2074 2375,2068 2465,2062 2554,2056 2644,2056 2733,2056 2823,2056 2912,2050 3002,2044 3092,2044 3181,2050 3271,2050 3360,2056 3450,2056 3539,2062 3629,2062 3718,2068 3808,2068 3897,2074 3987,2074 4076,2074 4076,2124 3987,2124 3897,2124 3808,2118 3718,2118 3629,2112 3539,2112 3450,2106 3360,2106 3271,2100 3181,2100 3092,2094 3002,2094 2912,2100 2823,2106 2733,2106 2644,2106 2554,2106 2465,2112 2375,2118 2286,2124 2196,2130 2107,2135 2017,2135 1969,2135"/>
                <Baseline points="1969,2130 2017,2130 2107,2130 2196,2125 2286,2119 2375,2113 2465,2107 2554,2101 2644,2101 2733,2101 2823,2101 2912,2095 3002,2089 3092,2089 3181,2095 3271,2095 3360,2101 3450,2101 3539,2107 3629,2107 3718,2113 3808,2113 3897,2119 3987,2119 4076,2119"/>
                <TextEquiv>
                    <Unicode>same wt. larger only contracted</Unicode>
                </TextEquiv>
            </TextLine>
            <TextLine id="tr_2_tl_9" custom="readingOrder {index:9;}">
                <Coords points="1975,2253 2059,2253 2148,2241 2238,2235 2327,2235 2417,2235 2507,2235 2596,2235 2686,2235 2775,2235 2865,2235 2954,2223 2954,2273 2865,2285 2775,2285 2686,2285 2596,2285 2507,2285 2417,2285 2327,2285 2238,2285 2148,2291 2059,2303 1975,2303"/>
                <Baseline points="1975,2298 2059,2298 2148,2286 2238,2280 2327,2280 2417,2280 2507,2280 2596,2280 2686,2280 2775,2280 2865,2280 2954,2268"/>
                <TextEquiv>
                    <Unicode>in the turning</Unicode>
                </TextEquiv>
            </TextLine>
            <TextLine id="tr_2_tl_10" custom="readingOrder {index:10;}">
                <Coords points="2047,2629 2107,2629 2196,2635 2286,2635 2375,2635 2465,2635 2554,2629 2644,2635 2733,2635 2823,2641 2912,2635 3002,2635 3092,2641 3181,2629 3271,2623 3271,2673 3181,2679 3092,2691 3002,2685 2912,2685 2823,2691 2733,2685 2644,2685 2554,2679 2465,2685 2375,2685 2286,2685 2196,2685 2107,2679 2047,2679"/>
                <Baseline points="2047,2674 2107,2674 2196,2680 2286,2680 2375,2680 2465,2680 2554,2674 2644,2680 2733,2680 2823,2686 2912,2680 3002,2680 3092,2686 3181,2674 3271,2668 3326,2670 3372,2665 3469,2665 3538,2670 3591,2670 3637,2667 3683,2667 3731,2674 3773,2679 3814,2681 3860,2690 3892,2690 3964,2700 4014,2702 4044,2702 4102,2704 4182,2700"/>
                <TextEquiv>
                    <Unicode>Clemens XII. P. M. in Wax. framed.</Unicode>
                </TextEquiv>
            </TextLine>
            <TextLine id="tr_2_tl_11" custom="readingOrder {index:11;}">
                <Coords points="1695,2647 1713,2641 1802,2635 1892,2629 1981,2629 1981,2679 1892,2679 1802,2685 1713,2691 1695,2697"/>
                <Baseline points="1695,2692 1713,2686 1802,2680 1892,2674 1981,2674"/>
                <TextEquiv>
                    <Unicode>2102.</Unicode>
                </TextEquiv>
            </TextLine>
            <TextLine id="tr_2_tl_14" custom="readingOrder {index:12;}">
                <Coords points="1975,2861 2047,2861 2136,2861 2226,2861 2316,2861 2405,2856 2495,2861 2584,2861 2674,2861 2763,2861 2853,2861 2942,2861 3032,2850 3121,2850 3211,2850 3300,2844 3390,2850 3480,2856 3569,2850 3659,2856 3748,2850 3748,2900 3659,2906 3569,2900 3480,2906 3390,2900 3300,2894 3211,2900 3121,2900 3032,2900 2942,2911 2853,2911 2763,2911 2674,2911 2584,2911 2495,2911 2405,2906 2316,2911 2226,2911 2136,2911 2047,2911 1975,2911"/>
                <Baseline points="1975,2906 2047,2906 2136,2906 2226,2906 2316,2906 2405,2901 2495,2906 2584,2906 2674,2906 2763,2906 2853,2906 2942,2906 3032,2895 3121,2895 3211,2895 3300,2889 3390,2895 3480,2901 3569,2895 3659,2901 3748,2895"/>
                <TextEquiv>
                    <Unicode>given me by Mr. Scott.</Unicode>
                </TextEquiv>
            </TextLine>
            <TextLine id="line_1680529344648_91" custom="readingOrder {index:13;}">
                <Coords points="1553,3066 1598,3029 1646,2994 1693,2954 1725,2993 1677,3033 1629,3069 1584,3105"/>
                <Baseline points="1581,3101 1626,3065 1674,3029 1722,2989"/>
                <TextEquiv>
                    <Unicode>X</Unicode>
                </TextEquiv>
            </TextLine>
            <TextLine id="tr_2_tl_15" custom="readingOrder {index:14;}">
                <Coords points="1665,3261 1695,3261 1784,3255 1874,3249 1963,3244 1963,3294 1874,3299 1784,3305 1695,3311 1665,3311"/>
                <Baseline points="1665,3306 1695,3306 1784,3300 1874,3294 1963,3289"/>
                <TextEquiv>
                    <Unicode>2103.</Unicode>
                </TextEquiv>
            </TextLine>
            <TextLine id="tr_2_tl_16" custom="readingOrder {index:15;}">
                <Coords points="2035,3249 2083,3255 2172,3255 2262,3249 2351,3249 2441,3244 2530,3244 2620,3249 2710,3249 2799,3244 2889,3244 2978,3249 3068,3249 3157,3255 3247,3255 3336,3255 3426,3255 3515,3255 3605,3261 3694,3244 3694,3294 3605,3311 3515,3305 3426,3305 3336,3305 3247,3305 3157,3305 3068,3299 2978,3299 2889,3294 2799,3294 2710,3299 2620,3299 2530,3294 2441,3294 2351,3299 2262,3299 2172,3305 2083,3305 2035,3299"/>
                <Baseline points="2035,3294 2083,3300 2172,3300 2262,3294 2351,3294 2441,3289 2530,3289 2620,3294 2710,3294 2799,3289 2889,3289 2978,3294 3068,3294 3157,3300 3247,3300 3336,3300 3426,3300 3515,3300 3605,3306 3694,3289"/>
                <TextEquiv>
                    <Unicode>A Knitting-Needle-Case</Unicode>
                </TextEquiv>
            </TextLine>
            <TextLine id="tr_2_tl_17" custom="readingOrder {index:16;}">
                <Coords points="1677,3417 1683,3417 1772,3411 1862,3405 1951,3411 1951,3461 1862,3455 1772,3461 1683,3467 1677,3467"/>
                <Baseline points="1677,3462 1683,3462 1772,3456 1862,3450 1951,3456"/>
                <TextEquiv>
                    <Unicode>20 m</Unicode>
                </TextEquiv>
            </TextLine>
            <TextLine id="tr_2_tl_18" custom="readingOrder {index:17;}">
                <Coords points="2029,3446 2089,3452 2178,3446 2268,3446 2357,3446 2447,3441 2536,3441 2626,3441 2715,3435 2805,3435 2895,3435 2984,3435 3074,3435 3163,3441 3253,3435 3342,3429 3432,3429 3521,3429 3611,3429 3700,3423 3700,3473 3611,3479 3521,3479 3432,3479 3342,3479 3253,3485 3163,3491 3074,3485 2984,3485 2895,3485 2805,3485 2715,3485 2626,3491 2536,3491 2447,3491 2357,3496 2268,3496 2178,3496 2089,3502 2029,3496"/>
                <Baseline points="2029,3491 2089,3497 2178,3491 2268,3491 2357,3491 2447,3486 2536,3486 2626,3486 2715,3480 2805,3480 2895,3480 2984,3480 3074,3480 3163,3486 3253,3480 3342,3474 3432,3474 3521,3474 3611,3474 3700,3468"/>
                <TextEquiv>
                    <Unicode>wt. a Chain to it, cutt</Unicode>
                </TextEquiv>
            </TextLine>
            <TextLine id="tr_2_tl_19" custom="readingOrder {index:18;}">
                <Coords points="2011,3643 2101,3643 2190,3637 2280,3632 2369,3632 2459,3620 2548,3620 2638,3620 2727,3614 2817,3608 2906,3608 2996,3602 3086,3602 3175,3608 3265,3608 3354,3608 3444,3608 3533,3608 3623,3608 3712,3602 3802,3596 3891,3596 3891,3646 3802,3646 3712,3652 3623,3658 3533,3658 3444,3658 3354,3658 3265,3658 3175,3658 3086,3652 2996,3652 2906,3658 2817,3658 2727,3664 2638,3670 2548,3670 2459,3670 2369,3682 2280,3682 2190,3687 2101,3693 2011,3693"/>
                <Baseline points="2011,3688 2101,3688 2190,3682 2280,3677 2369,3677 2459,3665 2548,3665 2638,3665 2727,3659 2817,3653 2906,3653 2996,3647 3086,3647 3175,3653 3265,3653 3354,3653 3444,3653 3533,3653 3623,3653 3712,3647 3802,3641 3891,3641"/>
                <TextEquiv>
                    <Unicode>out of one peice of wood</Unicode>
                </TextEquiv>
            </TextLine>
            <TextLine id="tr_2_tl_20" custom="readingOrder {index:19;}">
                <Coords points="1993,3805 2071,3811 2160,3805 2250,3805 2339,3799 2429,3793 2518,3787 2608,3787 2698,3787 2787,3781 2877,3781 2966,3781 3056,3781 3145,3781 3235,3781 3324,3787 3414,3787 3503,3781 3593,3793 3682,3793 3772,3787 3862,3793 3951,3793 4041,3793 4130,3787 4130,3837 4041,3843 3951,3843 3862,3843 3772,3837 3682,3843 3593,3843 3503,3831 3414,3837 3324,3837 3235,3831 3145,3831 3056,3831 2966,3831 2877,3831 2787,3831 2698,3837 2608,3837 2518,3837 2429,3843 2339,3849 2250,3855 2160,3855 2071,3861 1993,3855"/>
                <Baseline points="1993,3850 2071,3856 2160,3850 2250,3850 2339,3844 2429,3838 2518,3832 2608,3832 2698,3832 2787,3826 2877,3826 2966,3826 3056,3826 3145,3826 3235,3826 3324,3832 3414,3832 3503,3826 3593,3838 3682,3838 3772,3832 3862,3838 3951,3838 4041,3838 4130,3832"/>
                <TextEquiv>
                    <Unicode>by a Shepard in Oxfordshire.</Unicode>
                </TextEquiv>
            </TextLine>
            <TextLine id="line_1680529375603_107" custom="readingOrder {index:20;}">
                <Coords points="1306,3830 1333,3834 1377,3834 1413,3834 1460,3834 1479,3834 1512,3834 1537,3834 1550,3832 1581,3832 1621,3829 1669,3831 1714,3838 1745,3838 1797,3838 1797,3888 1745,3888 1711,3888 1665,3881 1622,3879 1583,3882 1553,3882 1540,3884 1512,3884 1479,3884 1460,3884 1413,3884 1377,3884 1329,3884 1298,3879"/>
                <Baseline points="1299,3874 1329,3879 1377,3879 1413,3879 1460,3879 1479,3879 1512,3879 1540,3879 1553,3877 1583,3877 1622,3874 1665,3876 1711,3883 1745,3883 1797,3883"/>
                <TextEquiv>
                    <Unicode>216. d.</Unicode>
                </TextEquiv>
            </TextLine>
            <TextLine id="tr_2_tl_21" custom="readingOrder {index:21;}">
                <Coords points="2005,4014 2047,4014 2136,4020 2226,4014 2316,4008 2405,4002 2495,4002 2584,3996 2674,3996 2763,3996 2853,3996 2942,3996 3032,3996 3121,3996 3211,3996 3300,3996 3390,3996 3480,3984 3480,4034 3390,4046 3300,4046 3211,4046 3121,4046 3032,4046 2942,4046 2853,4046 2763,4046 2674,4046 2584,4046 2495,4052 2405,4052 2316,4058 2226,4064 2136,4070 2047,4064 2005,4064"/>
                <Baseline points="2005,4059 2047,4059 2136,4065 2226,4059 2316,4053 2405,4047 2495,4047 2584,4041 2674,4041 2763,4041 2853,4041 2942,4041 3032,4041 3121,4041 3211,4041 3300,4041 3390,4041 3480,4029"/>
                <TextEquiv>
                    <Unicode>from Mr. Hawkeens.</Unicode>
                </TextEquiv>
            </TextLine>
            <TextEquiv>
                <Unicode>2101. A Frame containing two Medalls&#13;
of the Duke of Cumberland two of&#13;
Sr. Isaac Newton and one of Pope&#13;
Alexander VIII. All turn'd by Mr.&#13;
John Jackson in an engine invented&#13;
by him. The small medalls of the&#13;
X&#13;
Duke &amp; Sr. Isaac Newton are the&#13;
same wt. larger only contracted&#13;
in the turning&#13;
Clemens XII. P. M. in Wax. framed.&#13;
2102.&#13;
given me by Mr. Scott.&#13;
X&#13;
2103.&#13;
A Knitting-Needle-Case&#13;
20 m&#13;
wt. a Chain to it, cutt&#13;
out of one peice of wood&#13;
by a Shepard in Oxfordshire.&#13;
216. d.&#13;
from Mr. Hawkeens.</Unicode>
            </TextEquiv>
        </TextRegion>
        <TextRegion id="tr_1" custom="readingOrder {index:1;}">
            <Coords points="1641,4307 4369,4307 4369,6510 1641,6510"/>
            <TextLine id="tr_1_tl_1" custom="readingOrder {index:0;}">
                <Coords points="1689,4318 1778,4312 1868,4318 1957,4324 1987,4318 1987,4368 1957,4374 1868,4368 1778,4362 1689,4368"/>
                <Baseline points="1689,4363 1778,4357 1868,4363 1957,4369 1987,4363"/>
                <TextEquiv>
                    <Unicode>2104.</Unicode>
                </TextEquiv>
            </TextLine>
            <TextLine id="tr_1_tl_2" custom="readingOrder {index:1;}">
                <Coords points="2053,4318 2142,4318 2232,4318 2322,4318 2411,4324 2501,4324 2590,4324 2680,4324 2769,4330 2859,4330 2948,4336 3038,4336 3127,4342 3217,4342 3306,4342 3396,4342 3486,4342 3575,4342 3665,4342 3754,4342 3844,4336 3933,4330 3945,4330 3945,4380 3933,4380 3844,4386 3754,4392 3665,4392 3575,4392 3486,4392 3396,4392 3306,4392 3217,4392 3127,4392 3038,4386 2948,4386 2859,4380 2769,4380 2680,4374 2590,4374 2501,4374 2411,4374 2322,4368 2232,4368 2142,4368 2053,4368"/>
                <Baseline points="2053,4363 2142,4363 2232,4363 2322,4363 2411,4369 2501,4369 2590,4369 2680,4369 2769,4375 2859,4375 2948,4381 3038,4381 3127,4387 3217,4387 3306,4387 3396,4387 3486,4387 3575,4387 3665,4387 3754,4387 3844,4381 3933,4375 3945,4375"/>
                <TextEquiv>
                    <Unicode>An Idol or Infant Jesus from</Unicode>
                </TextEquiv>
            </TextLine>
            <TextLine id="tr_1_tl_3" custom="readingOrder {index:2;}">
                <Coords points="2119,4491 2208,4503 2298,4509 2387,4509 2477,4509 2566,4509 2656,4503 2745,4503 2835,4503 2889,4509 2889,4559 2835,4553 2745,4553 2656,4553 2566,4559 2477,4559 2387,4559 2298,4559 2208,4553 2119,4541"/>
                <Baseline points="2119,4536 2208,4548 2298,4554 2387,4554 2477,4554 2566,4554 2656,4548 2745,4548 2835,4548 2889,4554"/>
                <TextEquiv>
                    <Unicode>Flanders Id.</Unicode>
                </TextEquiv>
            </TextLine>
            <TextLine id="tr_1_tl_4" custom="readingOrder {index:3;}">
                <Coords points="1647,4837 1707,4837 1796,4831 1886,4837 1975,4843 2065,4861 2154,4855 2244,4861 2333,4867 2423,4867 2513,4873 2602,4867 2692,4861 2781,4861 2871,4855 2960,4855 3050,4861 3139,4861 3229,4855 3318,4849 3408,4843 3497,4837 3587,4831 3677,4825 3766,4819 3856,4813 3945,4807 4035,4801 4124,4790 4214,4766 4214,4816 4124,4840 4035,4851 3945,4857 3856,4863 3766,4869 3677,4875 3587,4881 3497,4887 3408,4893 3318,4899 3229,4905 3139,4911 3050,4911 2960,4905 2871,4905 2781,4911 2692,4911 2602,4917 2513,4923 2423,4917 2333,4917 2244,4911 2154,4905 2065,4911 1975,4893 1886,4887 1796,4881 1707,4887 1647,4887"/>
                <Baseline points="1647,4882 1707,4882 1796,4876 1886,4882 1975,4888 2065,4906 2154,4900 2244,4906 2333,4912 2423,4912 2513,4918 2602,4912 2692,4906 2781,4906 2871,4900 2960,4900 3050,4906 3139,4906 3229,4900 3318,4894 3408,4888 3497,4882 3587,4876 3677,4870 3766,4864 3856,4858 3945,4852 4035,4846 4124,4835 4214,4811"/>
                <TextEquiv>
                    <Unicode>2105. The Habet of the Queen of Mada=</Unicode>
                </TextEquiv>
            </TextLine>
            <TextLine id="tr_1_tl_5" custom="readingOrder {index:4;}">
                <Coords points="1963,5034 2035,5034 2125,5034 2214,5040 2304,5040 2393,5040 2483,5040 2572,5040 2662,5040 2751,5040 2841,5034 2930,5028 3020,5022 3109,5022 3199,5022 3289,5016 3378,5016 3468,5004 3557,5004 3647,5004 3736,4998 3826,4992 3915,4981 4005,4969 4094,4963 4184,4957 4273,4933 4273,4983 4184,5007 4094,5013 4005,5019 3915,5031 3826,5042 3736,5048 3647,5054 3557,5054 3468,5054 3378,5066 3289,5066 3199,5072 3109,5072 3020,5072 2930,5078 2841,5084 2751,5090 2662,5090 2572,5090 2483,5090 2393,5090 2304,5090 2214,5090 2125,5084 2035,5084 1963,5084"/>
                <Baseline points="1871,5082 1916,5085 1933,5080 1963,5079 2035,5079 2125,5079 2214,5085 2304,5085 2393,5085 2483,5085 2572,5085 2662,5085 2751,5085 2841,5079 2930,5073 3020,5067 3109,5067 3199,5067 3289,5061 3378,5061 3468,5049 3557,5049 3647,5049 3736,5043 3826,5037 3915,5026 4005,5014 4094,5008 4184,5002 4273,4978"/>
                <TextEquiv>
                    <Unicode>=gascar made of Grasse wove Carpet</Unicode>
                </TextEquiv>
            </TextLine>
            <TextLine id="tr_1_tl_6" custom="readingOrder {index:5;}">
                <Coords points="1910,5207 1951,5207 2041,5219 2130,5219 2220,5213 2310,5213 2399,5219 2489,5213 2578,5213 2668,5213 2757,5213 2847,5207 2936,5201 3026,5201 3115,5201 3205,5201 3294,5195 3384,5195 3474,5184 3563,5178 3653,5172 3742,5166 3832,5154 3921,5148 4011,5136 4100,5124 4190,5112 4279,5094 4279,5144 4190,5162 4100,5174 4011,5186 3921,5198 3832,5204 3742,5216 3653,5222 3563,5228 3474,5234 3384,5245 3294,5245 3205,5251 3115,5251 3026,5251 2936,5251 2847,5257 2757,5263 2668,5263 2578,5263 2489,5263 2399,5269 2310,5263 2220,5263 2130,5269 2041,5269 1951,5257 1910,5257"/>
                <Baseline points="1910,5252 1951,5252 2041,5264 2130,5264 2220,5258 2310,5258 2399,5264 2489,5258 2578,5258 2668,5258 2757,5258 2847,5252 2936,5246 3026,5246 3115,5246 3205,5246 3294,5240 3384,5240 3474,5229 3563,5223 3653,5217 3742,5211 3832,5199 3921,5193 4011,5181 4100,5169 4190,5157 4279,5139"/>
                <TextEquiv>
                    <Unicode>-wise and dyed of sevl : colours. given.</Unicode>
                </TextEquiv>
            </TextLine>
            <TextLine id="tr_1_tl_7" custom="readingOrder {index:6;}">
                <Coords points="1945,5422 1969,5428 2059,5428 2148,5422 2238,5428 2327,5422 2417,5422 2507,5422 2596,5422 2686,5416 2775,5410 2865,5410 2954,5404 3044,5398 3133,5398 3223,5392 3312,5386 3402,5386 3491,5375 3581,5369 3671,5357 3760,5345 3850,5339 3939,5327 4029,5321 4118,5309 4208,5297 4297,5273 4297,5323 4208,5347 4118,5359 4029,5371 3939,5377 3850,5389 3760,5395 3671,5407 3581,5419 3491,5425 3402,5436 3312,5436 3223,5442 3133,5448 3044,5448 2954,5454 2865,5460 2775,5460 2686,5466 2596,5472 2507,5472 2417,5472 2327,5472 2238,5478 2148,5472 2059,5478 1969,5478 1945,5472"/>
                <Baseline points="1945,5467 1969,5473 2059,5473 2148,5467 2238,5473 2327,5467 2417,5467 2507,5467 2596,5467 2686,5461 2775,5455 2865,5455 2954,5449 3044,5443 3133,5443 3223,5437 3312,5431 3402,5431 3491,5420 3581,5414 3671,5402 3760,5390 3850,5384 3939,5372 4029,5366 4118,5354 4208,5342 4297,5318"/>
                <TextEquiv>
                    <Unicode>me by Mr. Fairweather to whom</Unicode>
                </TextEquiv>
            </TextLine>
            <TextLine id="tr_1_tl_8" custom="readingOrder {index:7;}">
                <Coords points="1963,5613 1975,5613 2065,5613 2154,5613 2244,5619 2333,5619 2423,5619 2513,5613 2602,5613 2692,5613 2781,5607 2871,5601 2960,5589 3050,5583 3139,5577 3229,5577 3318,5577 3408,5571 3497,5566 3587,5566 3677,5560 3766,5554 3856,5542 3945,5530 4035,5518 4124,5506 4214,5494 4303,5476 4303,5526 4214,5544 4124,5556 4035,5568 3945,5580 3856,5592 3766,5604 3677,5610 3587,5616 3497,5616 3408,5621 3318,5627 3229,5627 3139,5627 3050,5633 2960,5639 2871,5651 2781,5657 2692,5663 2602,5663 2513,5663 2423,5669 2333,5669 2244,5669 2154,5663 2065,5663 1975,5663 1963,5663"/>
                <Baseline points="1963,5658 1975,5658 2065,5658 2154,5658 2244,5664 2333,5664 2423,5664 2513,5658 2602,5658 2692,5658 2781,5652 2871,5646 2960,5634 3050,5628 3139,5622 3229,5622 3318,5622 3408,5616 3497,5611 3587,5611 3677,5605 3766,5599 3856,5587 3945,5575 4035,5563 4124,5551 4214,5539 4303,5521"/>
                <TextEquiv>
                    <Unicode>it was given by the Queen herself.</Unicode>
                </TextEquiv>
            </TextLine>
            <TextLine id="tr_1_tl_9" custom="readingOrder {index:8;}">
                <Coords points="1641,5858 1731,5870 1820,5858 1910,5852 1999,5858 2089,5858 2178,5864 2268,5870 2357,5882 2447,5882 2536,5894 2626,5894 2715,5894 2805,5894 2895,5894 2984,5900 3074,5894 3163,5900 3253,5900 3342,5900 3432,5900 3521,5900 3611,5888 3700,5888 3790,5888 3879,5882 3969,5870 4059,5864 4082,5858 4082,5908 4059,5914 3969,5920 3879,5932 3790,5938 3700,5938 3611,5938 3521,5950 3432,5950 3342,5950 3253,5950 3163,5950 3074,5944 2984,5950 2895,5944 2805,5944 2715,5944 2626,5944 2536,5944 2447,5932 2357,5932 2268,5920 2178,5914 2089,5908 1999,5908 1910,5902 1820,5908 1731,5920 1641,5908"/>
                <Baseline points="1641,5903 1731,5915 1820,5903 1910,5897 1999,5903 2089,5903 2178,5909 2268,5915 2357,5927 2447,5927 2536,5939 2626,5939 2715,5939 2805,5939 2895,5939 2984,5945 3074,5939 3163,5945 3253,5945 3342,5945 3432,5945 3521,5945 3611,5933 3700,5933 3790,5933 3879,5927 3969,5915 4059,5909 4082,5903"/>
                <TextEquiv>
                    <Unicode>2106. A Mas'k worn by the North</Unicode>
                </TextEquiv>
            </TextLine>
            <TextLine id="tr_1_tl_10" custom="readingOrder {index:9;}">
                <Coords points="1886,6055 1892,6055 1981,6067 2071,6073 2160,6073 2250,6079 2339,6085 2429,6091 2518,6091 2608,6091 2698,6091 2787,6091 2877,6097 2966,6097 3056,6097 3145,6103 3235,6097 3324,6097 3414,6097 3503,6091 3593,6097 3682,6091 3772,6079 3862,6073 3951,6067 4041,6061 4130,6049 4220,6037 4309,6019 4309,6069 4220,6087 4130,6099 4041,6111 3951,6117 3862,6123 3772,6129 3682,6141 3593,6147 3503,6141 3414,6147 3324,6147 3235,6147 3145,6153 3056,6147 2966,6147 2877,6147 2787,6141 2698,6141 2608,6141 2518,6141 2429,6141 2339,6135 2250,6129 2160,6123 2071,6123 1981,6117 1892,6105 1886,6105"/>
                <Baseline points="1886,6100 1892,6100 1981,6112 2071,6118 2160,6118 2250,6124 2339,6130 2429,6136 2518,6136 2608,6136 2698,6136 2787,6136 2877,6142 2966,6142 3056,6142 3145,6148 3235,6142 3324,6142 3414,6142 3503,6136 3593,6142 3682,6136 3772,6124 3862,6118 3951,6112 4041,6106 4130,6094 4220,6082 4309,6064"/>
                <TextEquiv>
                    <Unicode>American Indians in their approach</Unicode>
                </TextEquiv>
            </TextLine>
            <TextLine id="tr_1_tl_11" custom="readingOrder {index:10;}">
                <Coords points="1904,6216 1951,6228 2041,6228 2130,6234 2220,6234 2310,6240 2399,6246 2489,6252 2578,6252 2668,6258 2757,6258 2847,6258 2936,6264 3026,6270 3115,6270 3205,6270 3294,6270 3384,6270 3474,6264 3563,6264 3653,6264 3742,6264 3832,6258 3921,6246 4011,6240 4100,6228 4190,6210 4279,6186 4279,6236 4190,6260 4100,6278 4011,6290 3921,6296 3832,6308 3742,6314 3653,6314 3563,6314 3474,6314 3384,6320 3294,6320 3205,6320 3115,6320 3026,6320 2936,6314 2847,6308 2757,6308 2668,6308 2578,6302 2489,6302 2399,6296 2310,6290 2220,6284 2130,6284 2041,6278 1951,6278 1904,6266"/>
                <Baseline points="1904,6261 1951,6273 2041,6273 2130,6279 2220,6279 2310,6285 2399,6291 2489,6297 2578,6297 2668,6303 2757,6303 2847,6303 2936,6309 3026,6315 3115,6315 3205,6315 3294,6315 3384,6315 3474,6309 3563,6309 3653,6309 3742,6309 3832,6303 3921,6291 4011,6285 4100,6273 4190,6255 4279,6231"/>
                <TextEquiv>
                    <Unicode>to the Deer in order by that disguise</Unicode>
                </TextEquiv>
            </TextLine>
            <TextLine id="tr_1_tl_12" custom="readingOrder {index:11;}">
                <Coords points="1892,6383 1951,6389 2041,6389 2130,6395 2220,6401 2310,6407 2399,6413 2489,6419 2578,6425 2668,6425 2757,6425 2847,6437 2936,6443 3026,6449 3115,6449 3205,6449 3294,6455 3384,6449 3474,6449 3563,6449 3653,6437 3742,6431 3832,6431 3921,6431 4011,6419 4100,6407 4190,6389 4279,6371 4369,6336 4369,6386 4279,6421 4190,6439 4100,6457 4011,6469 3921,6481 3832,6481 3742,6481 3653,6487 3563,6499 3474,6499 3384,6499 3294,6505 3205,6499 3115,6499 3026,6499 2936,6493 2847,6487 2757,6475 2668,6475 2578,6475 2489,6469 2399,6463 2310,6457 2220,6451 2130,6445 2041,6439 1951,6439 1892,6433"/>
                <Baseline points="1892,6428 1951,6434 2041,6434 2130,6440 2220,6446 2310,6452 2399,6458 2489,6464 2578,6470 2668,6470 2757,6470 2847,6482 2936,6488 3026,6494 3115,6494 3205,6494 3294,6500 3384,6494 3474,6494 3563,6494 3653,6482 3742,6476 3832,6476 3921,6476 4011,6464 4100,6452 4190,6434 4279,6416 4369,6381"/>
                <TextEquiv>
                    <Unicode>to kill them given me by Mr. Geo Edwards</Unicode>
                </TextEquiv>
            </TextLine>
            <TextEquiv>
                <Unicode>2104.&#13;
An Idol or Infant Jesus from&#13;
Flanders Id.&#13;
2105. The Habet of the Queen of Mada=&#13;
=gascar made of Grasse wove Carpet&#13;
-wise and dyed of sevl : colours. given.&#13;
me by Mr. Fairweather to whom&#13;
it was given by the Queen herself.&#13;
2106. A Mas'k worn by the North&#13;
American Indians in their approach&#13;
to the Deer in order by that disguise&#13;
to kill them given me by Mr. Geo Edwards</Unicode>
            </TextEquiv>
        </TextRegion>
    </Page>
</PcGts>
