4912 7360
1617 826 3760 972 2107. An Indian Musical Instrument
1904 993 3682 1121 made of Bambou Cane. from
4027 1126 4132 1226 X
1910 1160 3706 1282 from the Island of Madagascar. id
2536 1405 2883 1479 end
1886 1572 3868 1670 A wooden image from Jamaica, given
1546 1709 1868 1777 2108
1886 1721 3844 1855 by James Theobalds Esqr. and supposed
4148 1894 4286 1954 X
1880 1906 3569 2022 by him to be an American Idol.
1892 2282 4100 2392 An intire Electrical apparatus. Presented
1480 2396 1790 2476 2109
1904 2479 3217 2589 by Mr. William Watson
1928 2808 4279 2911 A nest of twenty three Pearl Sieves brought
1438 2915 1760 3001 2110
1934 3005 4112 3108 in King Charles the Second's time from
4282 3051 4389 3160 X
1492 3142 1719 3198 24 C
1910 3214 4154 3323 India. Presented by  Willm. Hanbury Esqr.
1343 3727 4339 3807 2111 The Representation of a Battle cut in Vellum
1737 3906 4315 3992 with a pair of scissars by Mr. Hubert of
1743 4073 4417 4159 Geneva. and presented from him by the Duke
3784 4222 4453 4308 In a black frame
1743 4288 3491 4362 of Graffton to the Museum.
