4912 7360
1474 2068 3169 2213 De la Province de Chensi
1575 2271 4112 2386 On tire d'un grand nombre de carrieres
1346 2354 1421 2407 #
1581 2438 4232 2547 une espéce de pierre molle, ou de minéral
1587 2605 4154 2738 appellé Hiung Hoang, dont on fait des
1563 2820 4202 2917 vases en sculpture, & que les medecins
1569 2999 4154 3097 regardent commé un souverain remede
1563 3178 4094 3311 contre toutes fortes de Venins, contre
1569 3351 4238 3514 les fievres malignes, & contre les chaleurs
1563 3572 4047 3723 contagieuses de la canicule. Its font
1546 3805 4208 3950 tremper ce minéral dans le vin avant
1551 4031 4076 4195 que des'en servir. It est de couleur
1587 4246 4261 4398 rouge tirant sur le jaune, & marqueté
1581 4449 4053 4601 de petits points noirs: il ressemble
1569 4682 4124 4846 assez a du crayon. Vid. du Halde
1563 4903 4256 5054 Descript. de l'Empiree de la chine. tom
1605 5184 2501 5275 1st. page. 208.
