4912 7360
3777 810 3863 868 37
736 702 888 818 24
1054 674 3030 898 420. A Chinese Character or seal in
902 878 1128 1002 209.
1244 918 2576 1066 white china ware.
722 1266 2562 1434 27 C 421. A frogg in wax work.
530 1777 3108 1917 245. a 422. A sort of China ware which admitt
2856 1628 3016 1758 is said to
998 1988 3132 2186 19 f of no poyson but immediately breaks.
1290 2496 3054 2672 -423. White powder used to take of
1350 2734 3022 2880 the hair by the women in
778 2704 1016 2830 19 k.
1016 2843 1340 2918 199. b
1402 2958 1794 3088 Turkey.
664 3386 3024 3532 19 V 424. A flapp made of grasse wove to
3106 3424 3894 3570 2 diff. Specimens
1310 3610 2574 3730 cover the pudenda.
2048 3749 2128 3800 old
2101 3797 2836 3907 No. was not found.
854 3616 1114 3752 245.
528 3699 713 3770 k
862 3773 2101 3903 Another ye same, whose
2123 4177 2952 4288 Starr
1007 4197 2067 4273 425. The seed of the
840 4408 1044 4528 CCXLIII.
1292 4325 3034 4466 aple hollowed & made into a
1282 4490 3530 4684 rattle wt. the ahovai. Vid. Thevet France
1340 4701 3796 4832 Antarctique p. 65. Cluscii. Exottca p. 232
1280 4836 3988 5023 Linocier L'Hut. des Plantes p. 689. Vid Veget. 37.
818 4737 967 4877 X
524 5028 3118 5206 245. 426. A piece of a girdle made of hoggs
1350 5236 2878 5366 bristles or porcupine quills
1340 5418 2990 5550 coloured black & red from the
1314 5620 1988 5772 West Indies.
600 6076 3864 6264 427. * A turd in wax work in a straw work'd box M No. 319
990 5224 1196 5344 19 J.
936 5906 2972 6052 427. A black & white dogg in enamel.
544 5981 834 6101 300
652 6229 2242 6474 428. A Stagg in enamel.
746 6576 3096 6742 429. A busto made of seeds of parsenep, cresses
479 6646 693 6727 19 L.
1158 6716 2846 6858 marigold, carthamus & cantharides.
3290 6644 3570 6774 2 spec:
