4912 7360
2752 637 2980 740 palm
3756 672 3861 756 39
1144 679 3052 845 -442. A cup made of a small
768 880 1814 1045 199 b nutt.
932 1432 3042 1563 -443. The head of a cane made of
1516 1684 2792 1791 a small palm nutt.
646 2132 3042 2317 246. 444. An ivory turn'd branch candlestick.
769 2375 1087 2445 CCXV.
616 2592 2334 2813 253 < 445. Scales for old gold.
912 3238 3164 3364 446. A small arrow head of black flint
3615 3330 3984 3392 0. 0. 3.
720 3377 922 3480 28 b
1482 3432 2318 3547 from Virginia
1038 3474 1244 3591 163
880 4016 3138 4168 446. A Large arrow head of a talky
3605 4047 3988 4116 0. 0. 6.
1014 4212 1106 4303 209
1028 4200 2642 4415 28 b stone from Virginia
1586 4366 2610 4541 for killing Deer
960 4692 3010 4963 -448. Black glasse? from Darby shire
1360 4930 2336 5109 181. k k from Dr. Leigh?
1298 5376 3222 5539 449. Black glasse an from a hayrick fird
1418 5524 3422 5717 which had been sanded. (vid Vitrification of Hay.)
860 5653 1149 5703 216 b.
1052 5832 3036 6069 19 k. -450. Yellow blew & red granulated snuff
1384 6024 3144 6211 from Turkey? an the Dung of
890 6192 1170 6305 216. a
1414 6190 3148 6320 moths, wch had eaten cloths
1402 6318 3534 6446 of these colours? See No. 5162. Insect.
1052 6442 2626 6603 -451. Very white cremor tartazi.
