4912 7360
784 655 3024 821 245. -539. An East India cane lanthorne
3362 750 3855 890 0. 5. 0.
3694 930 3781 999 50
800 1171 3046 1339 -540. A leather purse embroidered together
830 1399 2966 1551 29 C with the figure of a hand in
1172 1597 3046 1733 horn? fastened to it to be worn
836 1807 3014 1973 199. b to prevent thunder in the mines
1190 2015 2920 2149 of Sta. Maria near Campeche
1218 2223 2906 2331 in New Spain taken from the
2536 2318 2860 2398 of Jamaica
1184 2427 2497 2551 by the English
2497 2424 2992 2505 from the
3247 2558 3402 2618 X
1154 2635 2994 2785 Spainyards when they took those
1170 2849 2818 3001 mines & given me by Coll.
1216 3063 1508 3205 Laws.
1198 3589 2918 3737 -541. A girdle to be worn by a child to
1168 3761 2944 3895 prevent the effects of thunder at
822 3839 1074 3971 29 a
1164 3943 2944 4073 which these hangs a Silver? purse
1124 4144 2960 4270 A medall of our Saviour, a nut=
1124 4298 3004 4470 megg, a 2 hands enamell'd wt. pearl
808 4335 968 4469 199
1112 4479 2922 4643 about it, A picture of the Virgin-
824 4660 970 4716 b
1132 4675 2940 4817 Mary a crosse in Alabaster & a
1134 4903 2870 5063 hand in Jett. From the same.
820 5311 2950 5477 -542. Another girdle for the same purpose
1062 5493 2838 5663 & brought from the same place at wch
814 5639 966 5769 29 a
1074 5675 2946 5829 hang, in metall gold? a pair of sizars
1074 5859 2866 6019 a nutmegg & the figure of the sun,
817 5924 986 6004 199
882 6063 2944 6219 a knife, the picture of the Virgin Mary
894 6111 954 6165 b
1080 6265 2962 6411 a bell, an ewer, a plate, a comb, a crosse
1068 6457 2954 6580 a hand in christall a box wt. wax figures of
1036 6568 2986 6726 our saviour & St. Antony? a fork, a piece of
1014 6673 2918 6857 Spainish gold, a plate of chrystall, a plate, ewer
