4912 7360
1088 677 2972 863 pendent? the moon a Spoon &
3565 773 3650 831 51
1148 903 2872 1035 a hand in jett holding the
1180 1131 1584 1261 moon.
826 1687 2874 1835 -543. A Guinea Smallest deers foot
758 1863 1010 1977 27 a
1114 1931 2856 2069 made into a tobacco Stopper
2954 2077 3406 2205 vid 1027.
1082 2161 2826 2321 by being tipld with gold-
1142 2431 2896 2561 sent me by Mrs. Sadler from
1122 2675 3586 2805 Jamaica. Cervus Juvencus, perpussilus
1124 2825 3506 2973 Guineensis Seba. tom. 1. Tab. 43. P. 70.
778 3173 2910 3377 -544. A medicine used for the cure of
1140 3413 2108 3595 the Kings evill.
710 3449 958 3565 246. i
810 3914 1374 4020 -545. Crocus
1374 3912 2898 4022 ♀ comburend & diligenter
696 4042 914 4134 19 K.
1056 4101 2256 4245 Lavand. pro collyrio.
816 4609 2826 4797 -546. The singed hair of the woman
1138 4839 2914 4995 kill'd by thunder 1691. at Mounts
1206 5081 1500 5195 mill.
844 5429 2934 5617 -547. Part of a pair of britches singed
712 5655 1870 5797 19 g by thunder?
796 5947 2922 6205 -548. A medicine of bole, Alum, & vitriol for
1182 6141 2676 6327 owtward' use in hemorhages?
681 6247 1011 6303 26 x
480 6559 3698 6797 549. An Indian apron, of coarse Thread, whites black & red, wove
1142 6705 3004 6827 Carpet-wise wth figures of a Man on Horse back.
