4912 7360
848 673 3094 848 -570. The pipe of a Long Turkish tobacco
3653 728 3746 801 54
1260 877 2960 1056 pipe made of wood turned.
1336 1083 2800 1258 given me by Mr. Chichele.
850 1801 3018 1980 -571. The white bole of the same-.
1312 1987 1932 2124 of earth.
590 2514 643 2566 ✓
332 2649 2986 2908 -572 A long thin piece of wood
2682 2856 2914 2996 long
1210 2899 2082 3058 like a lath
1750 3105 2926 3250 broad shaped like a
1106 3381 3162 3528 knife with a handle which one
3304 3436 3531 3508 X
1022 3581 3018 3750 of the Indian Kings thrust down
1120 3777 3090 3942 his throat.'Tis used as a remedy
1134 3971 3026 4140 to cause vomiting as a proang
1130 4177 2946 4335 tho it did not cause him to -
3197 4193 3462 4263 S. B
3141 4334 3914 4425 (published, Bushnell)
1152 4373 1612 4514 vomit.
446 5133 3048 5310 -573. A Cord made of hemp & porcupines quills
465 5201 783 5316 245. b
1178 5320 2988 5475 19 J died from the Iroquois by the Indian
3332 5495 3532 5596 X
1184 5497 2992 5640 Kings given me by Mr. Middleton, for
1164 5673 2256 5804 tying their prisoners.
838 5943 3026 6160 -574. The Same of a courser Sort wt out
556 6045 692 6190 245. b
872 6201 1656 6346 19 J. the quills.
480 6613 2952 6731 252. -575. A wooden arrow wt. a triangular bone head
1258 6740 1420 6825 to it.
