<?xml version="1.0" encoding="UTF-8" standalone="yes"?>
<PcGts xmlns="http://schema.primaresearch.org/PAGE/gts/pagecontent/2013-07-15" xmlns:xsi="http://www.w3.org/2001/XMLSchema-instance" xsi:schemaLocation="http://schema.primaresearch.org/PAGE/gts/pagecontent/2013-07-15 http://schema.primaresearch.org/PAGE/gts/pagecontent/2013-07-15/pagecontent.xsd">
    <Metadata>
        <Creator>prov=University of Rostock/Institute of Mathematics/CITlab/Tobias Gruening/tobias.gruening@uni-rostock.de:name=/net_tf/LA73_249_0mod360.pb:de.uro.citlab.module.la.core.CITlab_LA_ML:v=?0.1
TRP</Creator>
        <Created>2018-06-20T09:19:50.881+02:00</Created>
        <LastChange>2023-04-22T11:07:51.682+02:00</LastChange>
        <TranskribusMetadata docId="1360439" pageId="53217586" pageNr="84" tsid="119096900" status="GT" userId="10603" imgUrl="https://files.transkribus.eu/Get?id=MQKYOXKTXTABEZYWGLJAJSNB&amp;fileType=view" xmlUrl="https://files.transkribus.eu/Get?id=IGXZBRZQOFCIQIGSFZWJFJUT" imageId="43210618"/>
    </Metadata>
    <Page imageFilename="0084_EPF108491056.tif" imageWidth="4912" imageHeight="7360">
        <ReadingOrder>
            <OrderedGroup id="ro_1717685696752" caption="Regions reading order">
                <RegionRefIndexed index="0" regionRef="r1"/>
            </OrderedGroup>
        </ReadingOrder>
        <TextRegion orientation="0.0" id="r1" custom="readingOrder {index:0;}">
            <Coords points="256,532 281,6739 3953,6838 3995,561"/>
            <TextLine id="line_1529871723145_28" custom="readingOrder {index:0;}">
                <Coords points="3755,656 3831,659 3829,709 3753,706"/>
                <Baseline points="3753,701 3829,704"/>
                <TextEquiv>
                    <Unicode>56</Unicode>
                </TextEquiv>
            </TextLine>
            <TextLine id="r1l2" custom="readingOrder {index:1;}">
                <Coords points="1008,790 1112,804 1216,814 1320,823 1424,832 1529,838 1633,843 1737,847 1841,850 1945,852 2050,854 2154,856 2258,859 2362,861 2466,864 2571,868 2675,872 2779,879 2883,886 2987,895 3092,906 3092,804 2987,793 2883,784 2779,777 2675,770 2571,766 2466,762 2362,759 2258,757 2154,754 2050,752 1945,750 1841,748 1737,745 1633,741 1529,736 1424,730 1320,721 1216,712 1112,702 1008,688"/>
                <Baseline points="523,772 711,807 898,800 1004,772 1424,798 1529,804 1633,809 1737,813 1841,816 1945,818 2050,820 2154,822 2258,825 2362,827 2466,830 2571,834 2675,838 2779,845 2883,852 2987,861 3092,872"/>
                <TextEquiv>
                    <Unicode>245. a. -581. A piece of hollow brasse wt. an</Unicode>
                </TextEquiv>
            </TextLine>
            <TextLine id="r1l3" custom="readingOrder {index:2;}">
                <Coords points="944,1028 969,1026 995,1026 1021,1028 1046,1030 1072,1033 1098,1038 1124,1040 1124,938 1098,936 1072,931 1046,928 1021,926 995,924 969,924 944,926"/>
                <Baseline points="944,994 969,992 995,992 1021,994 1046,996 1072,999 1098,1004 1179,1014"/>
                <TextEquiv>
                    <Unicode>19 f</Unicode>
                </TextEquiv>
            </TextLine>
            <TextLine id="r1l4" custom="readingOrder {index:3;}">
                <Coords points="1284,1058 1369,1064 1454,1069 1540,1073 1625,1078 1711,1082 1796,1084 1881,1086 1967,1090 2052,1092 2138,1094 2223,1096 2308,1098 2394,1100 2479,1104 2565,1106 2650,1109 2735,1114 2821,1116 2906,1122 2992,1128 2992,1026 2906,1020 2821,1014 2735,1012 2650,1007 2565,1004 2479,1002 2394,998 2308,996 2223,994 2138,992 2052,990 1967,988 1881,984 1796,982 1711,980 1625,976 1540,971 1454,967 1369,962 1284,956"/>
                <Baseline points="1284,1024 1369,1030 1454,1035 1540,1039 1625,1044 1711,1048 1796,1050 1881,1052 1967,1056 2052,1058 2138,1060 2223,1062 2308,1064 2394,1066 2479,1070 2565,1072 2650,1075 2735,1080 2821,1082 2906,1088 2992,1094"/>
                <TextEquiv>
                    <Unicode>incrustation in it from the</Unicode>
                </TextEquiv>
            </TextLine>
            <TextLine id="r1l5" custom="readingOrder {index:4;}">
                <Coords points="1252,1290 1277,1286 1302,1282 1327,1281 1353,1280 1378,1281 1403,1283 1429,1285 1454,1287 1479,1288 1504,1291 1530,1293 1555,1294 1580,1295 1606,1294 1606,1192 1580,1193 1555,1192 1530,1191 1504,1189 1479,1186 1454,1185 1429,1183 1403,1181 1378,1179 1353,1178 1327,1179 1302,1180 1277,1184 1252,1188"/>
                <Baseline points="1252,1256 1277,1252 1302,1248 1327,1247 1353,1246 1378,1247 1403,1249 1429,1251 1454,1253 1479,1254 1504,1257 1530,1259 1555,1260 1580,1261 1606,1260"/>
                <TextEquiv>
                    <Unicode>same.</Unicode>
                </TextEquiv>
            </TextLine>
            <TextLine id="r1l6" custom="readingOrder {index:5;}">
                <Coords points="882,2050 991,2058 1101,2064 1210,2070 1320,2075 1429,2080 1539,2083 1648,2087 1758,2090 1867,2094 1977,2097 2086,2100 2196,2104 2305,2106 2415,2110 2524,2114 2634,2118 2743,2122 2853,2128 2962,2134 3072,2140 3072,2038 2962,2032 2853,2026 2743,2020 2634,2016 2524,2012 2415,2008 2305,2004 2196,2002 2086,1998 1977,1995 1867,1992 1758,1988 1648,1985 1539,1981 1429,1978 1320,1973 1210,1968 1101,1962 991,1956 882,1948"/>
                <Baseline points="882,2016 991,2024 1101,2030 1210,2036 1320,2041 1429,2046 1539,2049 1648,2053 1758,2056 1867,2060 1977,2063 2086,2066 2196,2070 2305,2072 2415,2076 2524,2080 2634,2084 2743,2088 2853,2094 2962,2100 3072,2106"/>
                <TextEquiv>
                    <Unicode>-582. A long Spear with a flaming</Unicode>
                </TextEquiv>
            </TextLine>
            <TextLine id="r1l7" custom="readingOrder {index:6;}">
                <Coords points="628,2234 654,2236 680,2236 706,2236 732,2236 758,2234 785,2234 811,2232 837,2232 863,2231 889,2230 916,2230 916,2128 889,2128 863,2129 837,2130 811,2130 785,2132 758,2132 732,2134 706,2134 680,2134 654,2134 628,2132"/>
                <Baseline points="628,2200 654,2202 680,2202 706,2202 732,2202 758,2200 785,2200 811,2198 837,2198 863,2197 889,2196 916,2196"/>
                <TextEquiv>
                    <Unicode>252.</Unicode>
                </TextEquiv>
            </TextLine>
            <TextLine id="r1l8" custom="readingOrder {index:7;}">
                <Coords points="1156,2318 1249,2315 1342,2314 1436,2312 1529,2312 1623,2312 1716,2312 1809,2314 1903,2316 1996,2318 2090,2320 2183,2322 2276,2324 2370,2328 2463,2330 2557,2334 2650,2336 2743,2339 2837,2342 2930,2344 3024,2346 3024,2244 2930,2242 2837,2240 2743,2237 2650,2234 2557,2232 2463,2228 2370,2226 2276,2222 2183,2220 2090,2218 1996,2216 1903,2214 1809,2212 1716,2210 1623,2210 1529,2210 1436,2210 1342,2212 1249,2213 1156,2216"/>
                <Baseline points="1156,2284 1249,2281 1342,2280 1436,2278 1529,2278 1623,2278 1716,2278 1809,2280 1903,2282 1996,2284 2090,2286 2183,2288 2276,2290 2370,2294 2463,2296 2557,2300 2650,2302 2743,2305 2837,2308 2930,2310 3024,2312"/>
                <TextEquiv>
                    <Unicode>point &amp; ferill of brasse, and a</Unicode>
                </TextEquiv>
            </TextLine>
            <TextLine id="r1l9" custom="readingOrder {index:8;}">
                <Coords points="1158,2554 1248,2554 1338,2554 1429,2556 1519,2556 1610,2556 1700,2556 1790,2556 1881,2554 1971,2554 2062,2554 2152,2554 2242,2552 2333,2552 2423,2550 2514,2550 2604,2548 2694,2548 2785,2546 2875,2546 2966,2544 2966,2442 2875,2444 2785,2444 2694,2446 2604,2446 2514,2448 2423,2448 2333,2450 2242,2450 2152,2452 2062,2452 1971,2452 1881,2452 1790,2454 1700,2454 1610,2454 1519,2454 1429,2454 1338,2452 1248,2452 1158,2452"/>
                <Baseline points="1158,2520 1248,2520 1338,2520 1429,2522 1519,2522 1610,2522 1700,2522 1790,2522 1881,2520 1971,2520 2062,2520 2152,2520 2242,2518 2333,2518 2423,2516 2514,2516 2604,2514 2694,2514 2785,2512 2875,2512 2966,2510"/>
                <TextEquiv>
                    <Unicode>rest for keeping steady their</Unicode>
                </TextEquiv>
            </TextLine>
            <TextLine id="r1l10" custom="readingOrder {index:9;}">
                <Coords points="3236,2754 3270,2751 3304,2747 3338,2746 3372,2743 3406,2742 3440,2742 3474,2740 3508,2741 3542,2742 3577,2742 3611,2744 3645,2745 3679,2747 3713,2750 3747,2752 3781,2755 3815,2759 3849,2761 3883,2764 3918,2768 3918,2666 3883,2662 3849,2659 3815,2657 3781,2653 3747,2650 3713,2648 3679,2645 3645,2643 3611,2642 3577,2640 3542,2640 3508,2639 3474,2638 3440,2640 3406,2640 3372,2641 3338,2644 3304,2645 3270,2649 3236,2652"/>
                <Baseline points="3281,2724 3304,2713 3338,2712 3372,2709 3406,2708 3440,2708 3474,2706 3508,2707 3542,2708 3577,2708 3611,2710 3645,2711 3679,2713 3713,2716 3747,2718 3781,2721 3815,2725 3849,2727 3883,2730 3918,2734"/>
                <TextEquiv>
                    <Unicode>00. 07. 06.</Unicode>
                </TextEquiv>
            </TextLine>
            <TextLine id="r1l11" custom="readingOrder {index:10;}">
                <Coords points="1156,2792 1253,2799 1350,2804 1447,2808 1545,2810 1642,2810 1739,2810 1837,2808 1934,2806 2031,2804 2129,2802 2226,2799 2323,2796 2420,2794 2518,2794 2615,2794 2712,2794 2810,2797 2907,2800 3004,2805 3102,2814 3102,2712 3004,2703 2907,2698 2810,2695 2712,2692 2615,2692 2518,2692 2420,2692 2323,2694 2226,2697 2129,2700 2031,2702 1934,2704 1837,2706 1739,2708 1642,2708 1545,2708 1447,2706 1350,2702 1253,2697 1156,2690"/>
                <Baseline points="1156,2758 1253,2765 1350,2770 1447,2774 1545,2776 1642,2776 1739,2776 1837,2774 1934,2772 2031,2770 2129,2768 2226,2765 2323,2762 2420,2760 2518,2760 2615,2760 2712,2760 2810,2763 2907,2766 3004,2771 3102,2780"/>
                <TextEquiv>
                    <Unicode>hands when they discharge their</Unicode>
                </TextEquiv>
            </TextLine>
            <TextLine id="r1l12" custom="readingOrder {index:11;}">
                <Coords points="1140,3078 1239,3078 1339,3076 1438,3074 1538,3072 1637,3069 1737,3066 1836,3062 1936,3060 2035,3058 2135,3056 2234,3054 2334,3054 2433,3055 2533,3057 2632,3060 2732,3065 2831,3071 2931,3081 3030,3091 3130,3104 3130,3002 3030,2989 2931,2979 2831,2969 2732,2963 2632,2958 2533,2955 2433,2953 2334,2952 2234,2952 2135,2954 2035,2956 1936,2958 1836,2960 1737,2964 1637,2967 1538,2970 1438,2972 1339,2974 1239,2976 1140,2976"/>
                <Baseline points="1140,3044 1239,3044 1339,3042 1438,3040 1538,3038 1637,3035 1737,3032 1836,3028 1936,3026 2035,3024 2135,3022 2234,3020 2334,3020 2433,3021 2533,3023 2632,3026 2732,3031 2831,3037 2931,3047 3030,3057 3130,3070"/>
                <TextEquiv>
                    <Unicode>bowes in the East Indies. The spear</Unicode>
                </TextEquiv>
            </TextLine>
            <TextLine id="r1l13" custom="readingOrder {index:12;}">
                <Coords points="1150,3306 1249,3308 1348,3310 1447,3312 1546,3312 1646,3310 1745,3310 1844,3308 1943,3308 2042,3306 2142,3304 2241,3302 2340,3302 2439,3300 2538,3300 2638,3301 2737,3302 2836,3304 2935,3307 3034,3312 3134,3318 3134,3216 3034,3210 2935,3205 2836,3202 2737,3200 2638,3199 2538,3198 2439,3198 2340,3200 2241,3200 2142,3202 2042,3204 1943,3206 1844,3206 1745,3208 1646,3208 1546,3210 1447,3210 1348,3208 1249,3206 1150,3204"/>
                <Baseline points="1150,3272 1249,3274 1348,3276 1447,3278 1546,3278 1646,3276 1745,3276 1844,3274 1943,3274 2042,3272 2142,3270 2241,3268 2340,3268 2439,3266 2538,3266 2638,3267 2737,3268 2836,3270 2935,3273 3034,3278 3134,3284"/>
                <TextEquiv>
                    <Unicode>is made of the Areca palm tree</Unicode>
                </TextEquiv>
            </TextLine>
            <TextLine id="r1l14" custom="readingOrder {index:13;}">
                <Coords points="1146,3546 1178,3545 1211,3543 1244,3541 1276,3540 1309,3538 1342,3538 1374,3538 1407,3536 1440,3536 1473,3536 1505,3536 1538,3536 1571,3536 1603,3535 1636,3534 1669,3534 1701,3533 1734,3532 1767,3530 1800,3528 1800,3426 1767,3428 1734,3430 1701,3431 1669,3432 1636,3432 1603,3433 1571,3434 1538,3434 1505,3434 1473,3434 1440,3434 1407,3434 1374,3436 1342,3436 1309,3436 1276,3438 1244,3439 1211,3441 1178,3443 1146,3444"/>
                <Baseline points="1146,3512 1178,3511 1211,3509 1244,3507 1276,3506 1309,3504 1342,3504 1374,3504 1407,3502 1440,3502 1473,3502 1505,3502 1538,3502 1571,3502 1603,3501 1636,3500 1669,3500 1701,3499 1734,3498 1767,3496 1800,3494"/>
                <TextEquiv>
                    <Unicode>&amp; painted.</Unicode>
                </TextEquiv>
            </TextLine>
            <TextLine id="r1l15" custom="readingOrder {index:14;}">
                <Coords points="458,4246 590,4248 722,4248 855,4248 987,4248 1120,4247 1252,4246 1384,4245 1517,4244 1649,4242 1782,4241 1914,4240 2046,4238 2179,4236 2311,4236 2444,4234 2576,4234 2708,4232 2841,4232 2973,4232 3106,4232 3106,4130 2973,4130 2841,4130 2708,4130 2576,4132 2444,4132 2311,4134 2179,4134 2046,4136 1914,4138 1782,4139 1649,4140 1517,4142 1384,4143 1252,4144 1120,4145 987,4146 855,4146 722,4146 590,4146 458,4144"/>
                <Baseline points="458,4212 590,4214 722,4214 855,4214 987,4214 1120,4213 1252,4212 1384,4211 1517,4210 1649,4208 1782,4207 1914,4206 2046,4204 2179,4202 2311,4202 2444,4200 2576,4200 2708,4198 2841,4198 2973,4198 3027,4195"/>
                <TextEquiv>
                    <Unicode>252. -583. Another Spear or Javelin of the</Unicode>
                </TextEquiv>
            </TextLine>
            <TextLine id="line_1529871747598_30" custom="readingOrder {index:15;}">
                <Coords points="1530,4448 1255,4448 1118,4446 1118,4344 1255,4346 1530,4346 1667,4344 1805,4343 1942,4340 2079,4338 2217,4334 2354,4330 2492,4327 2629,4324 2766,4320 2904,4316 3041,4313 3179,4310 3209,4309 3209,4411 3179,4412 3041,4415 2904,4418 2766,4422 2629,4426 2492,4429 2354,4432 2217,4436 2079,4440 1942,4442 1805,4445 1667,4446"/>
                <Baseline points="1118,4412 1255,4414 1392,4414 1530,4414 1667,4412 1805,4411 1942,4408 2079,4406 2217,4402 2354,4398 2492,4395 2629,4392 2766,4388 2904,4384 3131,4388"/>
                <TextEquiv>
                    <Unicode>same palm, or some other wood wt out</Unicode>
                </TextEquiv>
            </TextLine>
            <TextLine id="line_1529871747598_29" custom="readingOrder {index:16;}">
                <Coords points="3209,4411 3209,4309 3316,4308 3453,4306 3866,4306 3866,4408 3453,4408 3316,4410"/>
                <Baseline points="3262,4355 3395,4348 3525,4345 3602,4358 3731,4361 3866,4374"/>
                <TextEquiv>
                    <Unicode>00. 02. 6.</Unicode>
                </TextEquiv>
            </TextLine>
            <TextLine id="r1l17" custom="readingOrder {index:17;}">
                <Coords points="1110,4628 1157,4632 1205,4634 1252,4636 1300,4638 1348,4640 1395,4640 1443,4642 1490,4642 1538,4642 1586,4642 1633,4642 1681,4640 1728,4639 1776,4638 1824,4636 1871,4634 1919,4630 1966,4629 2014,4624 2062,4620 2062,4518 2014,4522 1966,4527 1919,4528 1871,4532 1824,4534 1776,4536 1728,4537 1681,4538 1633,4540 1586,4540 1538,4540 1490,4540 1443,4540 1395,4538 1348,4538 1300,4536 1252,4534 1205,4532 1157,4530 1110,4526"/>
                <Baseline points="1110,4594 1157,4598 1205,4600 1252,4602 1300,4604 1348,4606 1395,4606 1443,4608 1490,4608 1538,4608 1586,4608 1633,4608 1681,4606 1728,4605 1776,4604 1824,4602 1871,4600 1919,4596 1966,4595 2014,4590 2062,4586"/>
                <TextEquiv>
                    <Unicode>the head &amp; rest</Unicode>
                </TextEquiv>
            </TextLine>
            <TextLine id="r1l18" custom="readingOrder {index:18;}">
                <Coords points="902,5352 1009,5346 1117,5342 1224,5338 1332,5333 1440,5330 1547,5326 1655,5322 1762,5320 1870,5316 1978,5314 2085,5312 2193,5311 2300,5310 2408,5310 2516,5310 2623,5310 2731,5312 2838,5314 2946,5316 3054,5320 3054,5218 2946,5214 2838,5212 2731,5210 2623,5208 2516,5208 2408,5208 2300,5208 2193,5209 2085,5210 1978,5212 1870,5214 1762,5218 1655,5220 1547,5224 1440,5228 1332,5231 1224,5236 1117,5240 1009,5244 902,5250"/>
                <Baseline points="537,5331 690,5325 789,5355 1224,5304 1332,5299 1440,5296 1547,5292 1655,5288 1762,5286 1870,5282 1978,5280 2085,5278 2193,5277 2300,5276 2408,5276 2516,5276 2623,5276 2731,5278 2838,5280 2946,5282 3054,5286"/>
                <TextEquiv>
                    <Unicode>252. -584. A Spear or Javelin from Java or</Unicode>
                </TextEquiv>
            </TextLine>
            <TextLine id="r1l20" custom="readingOrder {index:19;}">
                <Coords points="1190,5540 1282,5542 1374,5544 1466,5544 1558,5544 1650,5542 1742,5542 1834,5540 1926,5538 2018,5536 2111,5534 2203,5531 2295,5528 2387,5526 2479,5524 2571,5522 2663,5522 2755,5520 2847,5520 2939,5520 3032,5522 3032,5420 2939,5418 2847,5418 2755,5418 2663,5420 2571,5420 2479,5422 2387,5424 2295,5426 2203,5429 2111,5432 2018,5434 1926,5436 1834,5438 1742,5440 1650,5440 1558,5442 1466,5442 1374,5442 1282,5440 1190,5438"/>
                <Baseline points="1190,5506 1282,5508 1374,5510 1466,5510 1558,5510 1650,5508 1742,5508 1834,5506 1926,5504 2018,5502 2111,5500 2203,5497 2295,5494 2387,5492 2479,5490 2571,5488 2663,5488 2755,5486 2847,5486 2939,5486 3032,5488"/>
                <TextEquiv>
                    <Unicode>Macassar of black wood, hollow</Unicode>
                </TextEquiv>
            </TextLine>
            <TextLine id="r1l21" custom="readingOrder {index:20;}">
                <Coords points="1170,5754 1255,5754 1340,5754 1425,5752 1510,5752 1595,5752 1680,5750 1765,5750 1850,5748 1935,5748 2021,5748 2106,5746 2191,5746 2276,5744 2361,5744 2446,5742 2531,5742 2616,5740 2701,5740 2786,5738 2872,5738 2872,5636 2786,5636 2701,5638 2616,5638 2531,5640 2446,5640 2361,5642 2276,5642 2191,5644 2106,5644 2021,5646 1935,5646 1850,5646 1765,5648 1680,5648 1595,5650 1510,5650 1425,5650 1340,5652 1255,5652 1170,5652"/>
                <Baseline points="1170,5720 1255,5720 1340,5720 1425,5718 1510,5718 1595,5718 1680,5716 1765,5716 1850,5714 1935,5714 2021,5714 2106,5712 2191,5712 2276,5710 2361,5710 2446,5708 2531,5708 2616,5706 2701,5706 2786,5704 2803,5701"/>
                <TextEquiv>
                    <Unicode>for shooting poyson'd arrows</Unicode>
                </TextEquiv>
            </TextLine>
            <TextLine id="r1l22" custom="readingOrder {index:21;}">
                <Coords points="1244,6372 1327,6374 1410,6374 1494,6374 1577,6374 1661,6372 1744,6370 1827,6368 1911,6366 1994,6364 2078,6362 2161,6360 2244,6359 2328,6358 2411,6358 2495,6360 2578,6362 2661,6364 2745,6370 2828,6376 2912,6384 2912,6311 2828,6303 2745,6297 2661,6291 2578,6289 2495,6287 2411,6285 2328,6285 2244,6286 2161,6287 2078,6289 1994,6291 1911,6293 1827,6295 1744,6297 1661,6299 1577,6301 1494,6301 1410,6301 1327,6301 1244,6299"/>
                <Baseline points="589,6391 683,6416 927,6418 1074,6411 1233,6378 1661,6348 1744,6346 1827,6344 1911,6342 1994,6340 2078,6338 2161,6336 2244,6335 2328,6334 2411,6334 2495,6336 2578,6338 2661,6340 2745,6346 2828,6352 2912,6360"/>
                <TextEquiv>
                    <Unicode>245. -585. A quiver made of the joint of a</Unicode>
                </TextEquiv>
            </TextLine>
            <TextLine id="line_1529871790733_31" custom="readingOrder {index:22;}">
                <Coords points="3223,6382 3377,6331 3393,6379 3239,6430"/>
                <Baseline points="3237,6425 3391,6374"/>
                <TextEquiv>
                    <Unicode>X</Unicode>
                </TextEquiv>
            </TextLine>
            <TextLine id="r1l24" custom="readingOrder {index:23;}">
                <Coords points="2180,6451 2218,6455 2257,6457 2295,6460 2334,6461 2373,6463 2411,6464 2450,6467 2488,6467 2527,6469 2566,6469 2604,6471 2643,6471 2681,6471 2720,6473 2759,6473 2797,6473 2836,6475 2874,6475 2913,6477 2952,6477 2952,6419 2913,6419 2874,6417 2836,6417 2797,6415 2759,6415 2720,6415 2681,6413 2643,6413 2604,6413 2566,6411 2527,6411 2488,6409 2450,6409 2411,6406 2373,6405 2334,6403 2295,6402 2257,6399 2218,6397 2180,6393"/>
                <Baseline points="2180,6432 2218,6436 2257,6438 2295,6441 2334,6442 2373,6444 2411,6445 2450,6448 2488,6448 2527,6450 2566,6450 2604,6452 2643,6452 2681,6452 2720,6454 2759,6454 2797,6454 2836,6456 2874,6456 2913,6458 2952,6458"/>
                <TextEquiv>
                    <Unicode>whole &amp; &amp; broken</Unicode>
                </TextEquiv>
            </TextLine>
            <TextLine id="line_1529871820024_33" custom="readingOrder {index:24;}">
                <Coords points="2532,6547 2500,6546 2408,6543 2317,6541 2226,6539 2044,6539 1952,6537 1770,6537 1679,6535 1588,6533 1496,6531 1405,6529 1314,6525 1223,6520 1132,6515 1132,6457 1223,6462 1314,6467 1405,6471 1496,6473 1588,6475 1679,6477 1770,6479 1952,6479 2044,6481 2226,6481 2317,6483 2408,6485 2500,6488 2532,6489"/>
                <Baseline points="1132,6496 1223,6501 1314,6506 1405,6510 1496,6512 1588,6514 1679,6516 1770,6518 1861,6518 1952,6518 2044,6520 2135,6520 2226,6520 2317,6522 2494,6515"/>
                <TextEquiv>
                    <Unicode>bambo wt. 9 small arrowes</Unicode>
                </TextEquiv>
            </TextLine>
            <TextLine id="line_1529871820024_32" custom="readingOrder {index:25;}">
                <Coords points="2956,6573 2864,6566 2773,6560 2682,6554 2591,6549 2532,6547 2532,6489 2591,6491 2682,6496 2773,6502 2864,6508 2956,6515"/>
                <Baseline points="2555,6525 2591,6530 2682,6535 2773,6541 2864,6547 2956,6554"/>
                <TextEquiv>
                    <Unicode>to shoot</Unicode>
                </TextEquiv>
            </TextLine>
            <TextLine id="r1l26" custom="readingOrder {index:26;}">
                <Coords points="1104,6680 1198,6683 1293,6686 1387,6688 1482,6688 1577,6688 1671,6688 1766,6688 1860,6688 1955,6688 2050,6686 2144,6686 2239,6686 2333,6688 2428,6690 2523,6691 2617,6695 2712,6700 2806,6706 2901,6714 2996,6724 2996,6657 2901,6647 2806,6639 2712,6633 2617,6628 2523,6624 2428,6623 2333,6621 2239,6619 2144,6619 2050,6619 1955,6621 1860,6621 1766,6621 1671,6621 1577,6621 1482,6621 1387,6621 1293,6619 1198,6616 1104,6613"/>
                <Baseline points="1104,6658 1198,6661 1293,6664 1387,6666 1482,6666 1577,6666 1671,6666 1766,6666 1860,6666 1955,6666 2050,6664 2144,6664 2239,6664 2333,6666 2428,6668 2523,6669 2617,6673 2712,6678 2806,6684 2901,6692 2996,6702"/>
                <TextEquiv>
                    <Unicode>thro, the trunk. Lignum Levissimun </Unicode>
                </TextEquiv>
            </TextLine>
            <TextLine id="r1l27" custom="readingOrder {index:27;}">
                <Coords points="3050,6708 3075,6708 3101,6708 3127,6708 3153,6708 3179,6710 3205,6710 3231,6712 3256,6714 3282,6714 3308,6716 3334,6717 3360,6719 3386,6722 3412,6724 3412,6622 3386,6620 3360,6617 3334,6615 3308,6614 3282,6612 3256,6612 3231,6610 3205,6608 3179,6608 3153,6606 3127,6606 3101,6606 3075,6606 3050,6606"/>
                <Baseline points="3050,6674 3075,6674 3101,6674 3127,6674 3153,6674 3179,6676 3205,6676 3231,6678 3256,6680 3282,6680 3308,6682 3334,6683 3360,6685 3386,6688 3412,6690"/>
                <TextEquiv>
                    <Unicode>hollowed</Unicode>
                </TextEquiv>
            </TextLine>
            <TextEquiv>
                <Unicode>56&#13;
245. a. -581. A piece of hollow brasse wt. an&#13;
19 f&#13;
incrustation in it from the&#13;
same.&#13;
-582. A long Spear with a flaming&#13;
252.&#13;
point &amp; ferill of brasse, and a&#13;
rest for keeping steady their&#13;
00. 07. 06.&#13;
hands when they discharge their&#13;
bowes in the East Indies. The spear&#13;
is made of the Areca palm tree&#13;
&amp; painted.&#13;
252. -583. Another Spear or Javelin of the&#13;
same palm, or some other wood wt out&#13;
00. 02. 6.&#13;
the head &amp; rest&#13;
252. -584. A Spear or Javelin from Java or&#13;
Macassar of black wood, hollow&#13;
for shooting poyson'd arrows&#13;
245. -585. A quiver made of the joint of a&#13;
X&#13;
whole &amp; &amp; broken&#13;
bambo wt. 9 small arrowes&#13;
to shoot&#13;
thro, the trunk. Lignum Levissimun &#13;
hollowed</Unicode>
            </TextEquiv>
        </TextRegion>
    </Page>
</PcGts>
