4912 7360
836 657 3112 837 245. -586. Another quiver wt. 8 arrowes
3736 732 3837 802 57
1152 929 3124 1109 2 of them intire Larger then the
1138 1173 3034 1289 precedent, the one end being
1164 1405 3092 1545 headed & besmeared wt. poyson,
1146 1635 3044 1757 the other having a piece of
1126 1879 3094 1999 Lignum levissimum fastened to
1162 2129 3114 2261 it, There is like wise a hollow
1128 2363 3138 2503 small joint of a cane likely to
1126 2611 3214 2779 contain poyson & a pencill made
1128 2883 3006 3015 of a triangular hollow stalk
1118 3147 3106 3289 likely of some cyperus, the hairs
1156 3391 3074 3541 of it are like small ostridges
1178 3657 3086 3791 feathers. These three last out of
1154 3899 3022 4041 the collection of Alexr. Brown.
1128 4363 3136 4487 245. -587. An Indian bow, the string of wch.
1116 4594 3181 4713 is made of the outward part of
3181 4573 3758 4694 0. 1. 0.
447 4613 522 4663 b
1130 4811 3056 4955 a cane, There are 4 small coco
1124 5019 3088 5143 nuts fastened to it to make a noise.
832 5876 3128 5948 -588. A girdle made of canes dyed, from
836 5981 1036 6095 19 J
1142 6067 3084 6219 Guinea. made into brown, black,
441 6068 580 6150 k
1146 6245 3146 6385 red, & yellow Ropes fastened together.
