<?xml version="1.0" encoding="UTF-8" standalone="yes"?>
<PcGts xmlns="http://schema.primaresearch.org/PAGE/gts/pagecontent/2013-07-15" xmlns:xsi="http://www.w3.org/2001/XMLSchema-instance" xsi:schemaLocation="http://schema.primaresearch.org/PAGE/gts/pagecontent/2013-07-15 http://schema.primaresearch.org/PAGE/gts/pagecontent/2013-07-15/pagecontent.xsd">
    <Metadata>
        <Creator>prov=University of Rostock/Institute of Mathematics/CITlab/Tobias Gruening/tobias.gruening@uni-rostock.de:name=/net_tf/LA73_249_0mod360.pb:de.uro.citlab.module.la.core.CITlab_LA_ML:v=?0.1
TRP</Creator>
        <Created>2018-06-20T09:20:24.444+02:00</Created>
        <LastChange>2023-04-22T11:28:27.974+02:00</LastChange>
        <TranskribusMetadata docId="1360439" pageId="53217589" pageNr="87" tsid="119098023" status="GT" userId="10603" imgUrl="https://files.transkribus.eu/Get?id=NEUADOPUUTTRQDDROIRGDVBM&amp;fileType=view" xmlUrl="https://files.transkribus.eu/Get?id=UPRJPGJCBASDYEWPPAKPTMRV" imageId="43210621"/>
    </Metadata>
    <Page imageFilename="0087_EPF108491059.tif" imageWidth="4912" imageHeight="7360">
        <ReadingOrder>
            <OrderedGroup id="ro_1717685696888" caption="Regions reading order">
                <RegionRefIndexed index="0" regionRef="r1"/>
            </OrderedGroup>
        </ReadingOrder>
        <TextRegion orientation="0.0" id="r1" custom="readingOrder {index:0;}">
            <Coords points="323,552 314,6682 3950,6779 4054,599"/>
            <TextLine id="r1l1" custom="readingOrder {index:0;}">
                <Coords points="3744,789 3770,791 3797,793 3824,799 3851,801 3878,803 3878,685 3851,683 3824,681 3797,675 3770,673 3744,671"/>
                <Baseline points="3744,750 3770,752 3797,754 3824,760 3851,762"/>
                <TextEquiv>
                    <Unicode>59</Unicode>
                </TextEquiv>
            </TextLine>
            <TextLine id="r1l3" custom="readingOrder {index:1;}">
                <Coords points="990,783 1117,798 1244,813 1371,827 1499,839 1626,849 1753,857 1881,864 2008,869 2135,875 2263,879 2390,881 2517,881 2644,883 2772,883 2899,881 3026,881 3154,879 3281,875 3408,873 3536,871 3536,753 3408,755 3281,757 3154,761 3026,763 2899,763 2772,765 2644,765 2517,763 2390,763 2263,761 2135,757 2008,751 1881,746 1753,739 1626,731 1499,721 1371,709 1244,695 1117,680 990,665"/>
                <Baseline points="990,744 1117,759 1244,774 1371,788 1499,800 1626,810 1753,818 1881,825 2008,830 2135,836 2263,840 2390,842 2517,842 2644,844 2772,844 2899,842 3026,842 3154,840 3281,836 3408,834 3536,832"/>
                <TextEquiv>
                    <Unicode>-594. A Chinese abacus. Li cheon &amp;c.</Unicode>
                </TextEquiv>
            </TextLine>
            <TextLine id="r1l4" custom="readingOrder {index:2;}">
                <Coords points="936,1045 1080,1053 1224,1059 1368,1064 1513,1068 1657,1072 1801,1075 1946,1079 2090,1081 2234,1081 2379,1083 2523,1084 2667,1085 2811,1085 2956,1085 3100,1085 3244,1085 3389,1085 3533,1085 3677,1084 3822,1083 3822,978 3677,979 3533,980 3389,980 3244,980 3100,980 2956,980 2811,980 2667,980 2523,979 2379,978 2234,976 2090,976 1946,974 1801,970 1657,967 1513,963 1368,959 1224,954 1080,948 936,940"/>
                <Baseline points="936,1010 1080,1018 1224,1024 1368,1029 1513,1033 1657,1037 1801,1040 1946,1044 2090,1046 2234,1046 2379,1048 2523,1049 2667,1050 2811,1050 2956,1050 3100,1050 3244,1050 3389,1050 3533,1050 3677,1049 3822,1048"/>
                <TextEquiv>
                    <Unicode>25 Vide. Du Halde. Descript. de l'Empire</Unicode>
                </TextEquiv>
            </TextLine>
            <TextLine id="r1l5" custom="readingOrder {index:3;}">
                <Coords points="1214,1219 1305,1219 1397,1219 1489,1219 1581,1219 1673,1219 1765,1219 1857,1221 1949,1221 2041,1221 2133,1221 2224,1221 2316,1221 2408,1223 2500,1223 2592,1223 2684,1224 2776,1225 2868,1226 2960,1227 3052,1229 3052,1124 2960,1122 2868,1121 2776,1120 2684,1119 2592,1118 2500,1118 2408,1118 2316,1116 2224,1116 2133,1116 2041,1116 1949,1116 1857,1116 1765,1114 1673,1114 1581,1114 1489,1114 1397,1114 1305,1114 1214,1114"/>
                <Baseline points="1214,1184 1305,1184 1397,1184 1489,1184 1581,1184 1673,1184 1765,1184 1857,1186 1949,1186 2041,1186 2133,1186 2224,1186 2316,1186 2408,1188 2500,1188 2592,1188 2684,1189 2776,1190 2868,1191 2960,1192 3052,1194"/>
                <TextEquiv>
                    <Unicode>de la Chine tom. 1. p. 276.</Unicode>
                </TextEquiv>
            </TextLine>
            <TextLine id="r1l6" custom="readingOrder {index:4;}">
                <Coords points="1186,1375 1324,1375 1462,1375 1600,1373 1738,1371 1877,1371 2015,1369 2153,1368 2291,1367 2429,1367 2568,1367 2706,1367 2844,1369 2982,1371 3120,1374 3259,1378 3397,1383 3535,1389 3673,1397 3811,1406 3950,1415 3950,1297 3811,1288 3673,1279 3535,1271 3397,1265 3259,1260 3120,1256 2982,1253 2844,1251 2706,1249 2568,1249 2429,1249 2291,1249 2153,1250 2015,1251 1877,1253 1738,1253 1600,1255 1462,1257 1324,1257 1186,1257"/>
                <Baseline points="1186,1336 1324,1336 1462,1336 1600,1334 1738,1332 1877,1332 2015,1330 2153,1329 2291,1328 2429,1328 2568,1328 2706,1328 2844,1330 2982,1332 3120,1335 3259,1339 3397,1344 3535,1350 3673,1358 3811,1367 3950,1376"/>
                <TextEquiv>
                    <Unicode>Souan pan. tom. 3. p. 267. &amp; Vol. 4. p. 228</Unicode>
                </TextEquiv>
            </TextLine>
            <TextLine id="r1l9" custom="readingOrder {index:5;}">
                <Coords points="976,1809 1085,1809 1195,1809 1304,1809 1414,1811 1524,1811 1633,1812 1743,1813 1852,1815 1962,1817 2072,1819 2181,1821 2291,1825 2400,1828 2510,1833 2620,1836 2729,1839 2839,1845 2948,1849 3058,1855 3168,1861 3168,1743 3058,1737 2948,1731 2839,1727 2729,1721 2620,1718 2510,1715 2400,1710 2291,1707 2181,1703 2072,1701 1962,1699 1852,1697 1743,1695 1633,1694 1524,1693 1414,1693 1304,1691 1195,1691 1085,1691 976,1691"/>
                <Baseline points="814,1775 1085,1770 1195,1770 1304,1770 1414,1772 1524,1772 1633,1773 1743,1774 1852,1776 1962,1778 2072,1780 2181,1782 2291,1786 2400,1789 2510,1794 2620,1797 2729,1800 2839,1806 2948,1810 3058,1816 3168,1822"/>
                <TextEquiv>
                    <Unicode>-595. An Indian stool or Cricket from</Unicode>
                </TextEquiv>
            </TextLine>
            <TextLine id="r1l10" custom="readingOrder {index:6;}">
                <Coords points="554,2065 618,2058 683,2053 747,2049 812,2047 877,2045 941,2043 1006,2043 1070,2045 1135,2045 1200,2047 1264,2049 1329,2052 1393,2054 1458,2055 1522,2057 1587,2059 1652,2061 1716,2061 1781,2061 1846,2061 1846,1943 1781,1943 1716,1943 1652,1943 1587,1941 1522,1939 1458,1937 1393,1936 1329,1934 1264,1931 1200,1929 1135,1927 1070,1927 1006,1925 941,1925 877,1927 812,1929 747,1931 683,1935 618,1940 554,1947"/>
                <Baseline points="554,2026 618,2019 683,2014 747,2010 812,2008 877,2006 941,2004 1006,2004 1070,2006 1135,2006 1200,2008 1264,2010 1329,2013 1393,2015 1458,2016 1522,2018 1587,2020 1652,2022 1716,2022 1781,2022 1846,2022"/>
                <TextEquiv>
                    <Unicode>C 245. New York.</Unicode>
                </TextEquiv>
            </TextLine>
            <TextLine id="r1l11" custom="readingOrder {index:7;}">
                <Coords points="904,2709 1012,2715 1121,2719 1230,2725 1339,2729 1448,2734 1556,2737 1665,2741 1774,2745 1883,2749 1992,2752 2100,2755 2209,2759 2318,2761 2427,2765 2536,2768 2644,2771 2753,2775 2862,2779 2971,2782 3080,2787 3080,2669 2971,2664 2862,2661 2753,2657 2644,2653 2536,2650 2427,2647 2318,2643 2209,2641 2100,2637 1992,2634 1883,2631 1774,2627 1665,2623 1556,2619 1448,2616 1339,2611 1230,2607 1121,2601 1012,2597 904,2591"/>
                <Baseline points="844,2684 1012,2676 1121,2680 1230,2686 1339,2690 1448,2695 1556,2698 1665,2702 1774,2706 1883,2710 1992,2713 2100,2716 2209,2720 2318,2722 2427,2726 2536,2729 2644,2732 2753,2736 2862,2740 2971,2743 3080,2748"/>
                <TextEquiv>
                    <Unicode>-596. An oyle from Florence or Rome</Unicode>
                </TextEquiv>
            </TextLine>
            <TextLine id="line_1682155419661_466" custom="readingOrder {index:8;}">
                <Coords points="904,2789 1015,2800 1127,2810 1213,2817 1213,2935 1127,2928 1015,2918 904,2907"/>
                <Baseline points="904,2868 1015,2879 1171,2854"/>
                <TextEquiv>
                    <Unicode>246.</Unicode>
                </TextEquiv>
            </TextLine>
            <TextLine id="line_1682155419661_465" custom="readingOrder {index:9;}">
                <Coords points="1213,2817 1238,2820 1350,2829 1462,2837 1573,2846 1685,2855 1796,2861 1908,2869 2020,2875 2131,2882 2243,2887 2354,2891 2466,2895 2578,2899 2689,2903 2801,2905 2912,2907 3136,2907 3136,3025 2912,3025 2801,3023 2689,3021 2578,3017 2466,3013 2354,3009 2243,3005 2131,3000 2020,2993 1908,2987 1796,2979 1685,2973 1573,2964 1462,2955 1350,2947 1238,2938 1213,2935"/>
                <Baseline points="1239,2892 1306,2902 1350,2908 1462,2916 1573,2925 1685,2934 1796,2940 1908,2948 2020,2954 2131,2961 2243,2966 2354,2970 2466,2974 2578,2978 2689,2982 2801,2984 2912,2986 3024,2986 3136,2986"/>
                <TextEquiv>
                    <Unicode>for bitings of vipers &amp;c? Dr. Brown.</Unicode>
                </TextEquiv>
            </TextLine>
            <TextLine id="r1l13" custom="readingOrder {index:10;}">
                <Coords points="894,3741 1003,3737 1113,3733 1223,3731 1333,3729 1443,3729 1553,3731 1663,3735 1773,3739 1883,3743 1993,3750 2102,3755 2212,3762 2322,3769 2432,3778 2542,3786 2652,3794 2762,3804 2872,3812 2982,3819 3092,3827 3092,3709 2982,3701 2872,3694 2762,3686 2652,3676 2542,3668 2432,3660 2322,3651 2212,3644 2102,3637 1993,3632 1883,3625 1773,3621 1663,3617 1553,3613 1443,3611 1333,3611 1223,3613 1113,3615 1003,3619 894,3623"/>
                <Baseline points="826,3709 1003,3698 1113,3694 1223,3692 1333,3690 1443,3690 1553,3692 1663,3696 1773,3700 1883,3704 1993,3711 2102,3716 2212,3723 2322,3730 2432,3739 2542,3747 2652,3755 2762,3765 2872,3773 2982,3780 3092,3788"/>
                <TextEquiv>
                    <Unicode>-597. Olio contra Veleni, della Spezieria</Unicode>
                </TextEquiv>
            </TextLine>
            <TextLine id="r1l14" custom="readingOrder {index:11;}">
                <Coords points="1248,3928 1343,3934 1439,3939 1534,3944 1630,3950 1726,3954 1821,3958 1917,3962 2012,3966 2108,3971 2204,3976 2299,3980 2395,3986 2490,3993 2586,3999 2682,4008 2777,4015 2873,4025 2968,4037 3064,4049 3160,4062 3160,3953 3064,3940 2968,3928 2873,3916 2777,3906 2682,3899 2586,3890 2490,3884 2395,3877 2299,3871 2204,3867 2108,3862 2012,3857 1917,3853 1821,3849 1726,3845 1630,3841 1534,3835 1439,3830 1343,3825 1248,3819"/>
                <Baseline points="1248,3892 1343,3898 1439,3903 1534,3908 1630,3914 1726,3918 1821,3922 1917,3926 2012,3930 2108,3935 2204,3940 2299,3944 2395,3950 2490,3957 2586,3963 2682,3972 2777,3979 2873,3989 2968,4001 3064,4013 3160,4026"/>
                <TextEquiv>
                    <Unicode>de'padri di Sto. Spirito di Fiorenza</Unicode>
                </TextEquiv>
            </TextLine>
            <TextLine id="r1l15" custom="readingOrder {index:12;}">
                <Coords points="938,4099 964,4097 991,4100 1017,4102 1044,4101 1044,3983 1017,3984 991,3982 964,3979 938,3981"/>
                <Baseline points="878,4058 964,4058 991,4061 1017,4063 1171,4069"/>
                <TextEquiv>
                    <Unicode>246. O</Unicode>
                </TextEquiv>
            </TextLine>
            <TextLine id="r1l16" custom="readingOrder {index:13;}">
                <Coords points="1236,4146 1326,4146 1417,4146 1507,4146 1598,4146 1689,4148 1779,4149 1870,4151 1960,4153 2051,4156 2142,4159 2232,4162 2323,4164 2413,4168 2504,4172 2595,4176 2685,4180 2776,4184 2866,4188 2957,4192 3048,4198 3048,4084 2957,4078 2866,4074 2776,4070 2685,4066 2595,4062 2504,4058 2413,4054 2323,4050 2232,4048 2142,4045 2051,4042 1960,4039 1870,4037 1779,4035 1689,4034 1598,4032 1507,4032 1417,4032 1326,4032 1236,4032"/>
                <Baseline points="1236,4108 1326,4108 1417,4108 1507,4108 1598,4108 1689,4110 1779,4111 1870,4113 1960,4115 2051,4118 2142,4121 2232,4124 2323,4126 2413,4130 2504,4134 2595,4138 2685,4142 2776,4146 2866,4150 2957,4154 3048,4160"/>
                <TextEquiv>
                    <Unicode>Dr. Brown wt. an account of its</Unicode>
                </TextEquiv>
            </TextLine>
            <TextLine id="r1l17" custom="readingOrder {index:14;}">
                <Coords points="1212,4325 1237,4323 1263,4323 1288,4322 1314,4321 1340,4321 1365,4321 1391,4323 1417,4323 1442,4323 1468,4325 1494,4327 1519,4327 1545,4329 1571,4330 1596,4332 1622,4335 1648,4335 1648,4217 1622,4217 1596,4214 1571,4212 1545,4211 1519,4209 1494,4209 1468,4207 1442,4205 1417,4205 1391,4205 1365,4203 1340,4203 1314,4203 1288,4204 1263,4205 1237,4205 1212,4207"/>
                <Baseline points="1212,4286 1237,4284 1263,4284 1288,4283 1314,4282 1340,4282 1365,4282 1391,4284 1417,4284 1442,4284 1468,4286 1494,4288 1519,4288 1545,4290 1571,4291 1596,4293 1622,4296 1648,4296"/>
                <TextEquiv>
                    <Unicode>vertues.</Unicode>
                </TextEquiv>
            </TextLine>
            <TextLine id="r1l18" custom="readingOrder {index:15;}">
                <Coords points="902,4871 1013,4878 1124,4883 1235,4889 1347,4893 1458,4897 1569,4901 1681,4903 1792,4907 1903,4909 2015,4911 2126,4913 2237,4917 2348,4919 2460,4923 2571,4925 2682,4929 2794,4933 2905,4939 3016,4945 3128,4951 3128,4833 3016,4827 2905,4821 2794,4815 2682,4811 2571,4807 2460,4805 2348,4801 2237,4799 2126,4795 2015,4793 1903,4791 1792,4789 1681,4785 1569,4783 1458,4779 1347,4775 1235,4771 1124,4765 1013,4760 902,4753"/>
                <Baseline points="813,4851 1013,4839 1124,4844 1235,4850 1347,4854 1458,4858 1569,4862 1681,4864 1792,4868 1903,4870 2015,4872 2126,4874 2237,4878 2348,4880 2460,4884 2571,4886 2682,4890 2794,4894 2905,4900 3016,4906 3128,4912"/>
                <TextEquiv>
                    <Unicode>-598. Olio da ferite, della Spezzieria</Unicode>
                </TextEquiv>
            </TextLine>
            <TextLine id="line_1529873677127_48" custom="readingOrder {index:16;}">
                <Coords points="969,4938 1039,4960 1203,4969 1200,5019 1030,5009 955,4986"/>
                <Baseline points="956,4981 1031,5004 1200,5014"/>
                <TextEquiv>
                    <Unicode>67 E</Unicode>
                </TextEquiv>
            </TextLine>
            <TextLine id="r1l19" custom="readingOrder {index:17;}">
                <Coords points="1212,5157 1302,5160 1392,5162 1482,5163 1572,5165 1663,5165 1753,5167 1843,5167 1933,5167 2023,5169 2114,5169 2204,5171 2294,5173 2384,5175 2474,5179 2565,5182 2655,5187 2745,5194 2835,5201 2925,5209 3016,5219 3016,5101 2925,5091 2835,5083 2745,5076 2655,5069 2565,5064 2474,5061 2384,5057 2294,5055 2204,5053 2114,5051 2023,5051 1933,5049 1843,5049 1753,5049 1663,5047 1572,5047 1482,5045 1392,5044 1302,5042 1212,5039"/>
                <Baseline points="1212,5118 1302,5121 1392,5123 1482,5124 1572,5126 1663,5126 1753,5128 1843,5128 1933,5128 2023,5130 2114,5130 2204,5132 2294,5134 2384,5136 2474,5140 2565,5143 2655,5148 2745,5155 2835,5162 2925,5170 3016,5180"/>
                <TextEquiv>
                    <Unicode>&amp;. ut antea. from the same.</Unicode>
                </TextEquiv>
            </TextLine>
            <TextLine id="line_1529873681947_49" custom="readingOrder {index:18;}">
                <Coords points="858,5077 914,5088 1030,5067 1039,5116 914,5138 849,5126"/>
                <Baseline points="850,5121 914,5133 1038,5111"/>
                <TextEquiv>
                    <Unicode>181.</Unicode>
                </TextEquiv>
            </TextLine>
            <TextLine id="r1l20" custom="readingOrder {index:19;}">
                <Coords points="788,5781 903,5775 1019,5769 1135,5764 1251,5758 1367,5753 1482,5749 1598,5745 1714,5741 1830,5737 1946,5735 2061,5735 2177,5733 2293,5734 2409,5735 2525,5739 2640,5743 2756,5748 2872,5754 2988,5762 3104,5773 3104,5655 2988,5644 2872,5636 2756,5630 2640,5625 2525,5621 2409,5617 2293,5616 2177,5615 2061,5617 1946,5617 1830,5619 1714,5623 1598,5627 1482,5631 1367,5635 1251,5640 1135,5646 1019,5651 903,5657 788,5663"/>
                <Baseline points="788,5742 903,5736 1019,5730 1135,5725 1251,5719 1367,5714 1482,5710 1598,5706 1714,5702 1830,5698 1946,5696 2061,5696 2177,5694 2293,5695 2409,5696 2525,5700 2640,5704 2756,5709 2872,5715 2988,5723 3104,5734"/>
                <TextEquiv>
                    <Unicode>-599. Liquore da dissenterie o altri flussi</Unicode>
                </TextEquiv>
            </TextLine>
            <TextLine id="r1l21" custom="readingOrder {index:20;}">
                <Coords points="1266,5989 1354,5987 1442,5985 1531,5983 1619,5981 1708,5981 1796,5979 1884,5979 1973,5977 2061,5977 2150,5977 2238,5975 2326,5975 2415,5973 2503,5973 2592,5972 2680,5971 2768,5969 2857,5969 2945,5967 3034,5965 3034,5847 2945,5849 2857,5851 2768,5851 2680,5853 2592,5854 2503,5855 2415,5855 2326,5857 2238,5857 2150,5859 2061,5859 1973,5859 1884,5861 1796,5861 1708,5863 1619,5863 1531,5865 1442,5867 1354,5869 1266,5871"/>
                <Baseline points="1266,5950 1354,5948 1442,5946 1531,5944 1619,5942 1708,5942 1796,5940 1884,5940 1973,5938 2061,5938 2150,5938 2238,5936 2326,5936 2415,5934 2503,5934 2592,5933 2680,5932 2768,5930 2857,5930 2945,5928 3034,5926"/>
                <TextEquiv>
                    <Unicode>della Spezieria &amp;c. Dr. Brown.</Unicode>
                </TextEquiv>
            </TextLine>
            <TextLine id="line_1529873707741_52" custom="readingOrder {index:21;}">
                <Coords points="944,5855 1156,5883 1149,5933 937,5905"/>
                <Baseline points="938,5900 1150,5928"/>
                <TextEquiv>
                    <Unicode>67 F</Unicode>
                </TextEquiv>
            </TextLine>
            <TextLine id="line_1529873697779_50" custom="readingOrder {index:22;}">
                <Coords points="764,5917 936,5911 938,5961 766,5967"/>
                <Baseline points="766,5962 938,5956"/>
                <TextEquiv>
                    <Unicode>181.</Unicode>
                </TextEquiv>
            </TextLine>
            <TextLine id="line_1529873702700_51" custom="readingOrder {index:23;}">
                <Coords points="805,6033 950,6020 1085,6029 1082,6079 951,6070 809,6083"/>
                <Baseline points="809,6078 951,6065 1082,6074"/>
                <TextEquiv>
                    <Unicode>246 O</Unicode>
                </TextEquiv>
            </TextLine>
            <TextLine id="r1l22" custom="readingOrder {index:24;}">
                <Coords points="572,6677 702,6682 832,6684 962,6687 1092,6689 1222,6691 1352,6691 1482,6693 1612,6695 1742,6698 1873,6701 2003,6703 2133,6707 2263,6712 2393,6718 2523,6725 2653,6732 2783,6742 2913,6753 3043,6765 3174,6779 3174,6661 3043,6647 2913,6635 2783,6624 2653,6614 2523,6607 2393,6600 2263,6594 2133,6589 2003,6585 1873,6583 1742,6580 1612,6577 1482,6575 1352,6573 1222,6573 1092,6571 962,6569 832,6566 702,6564 572,6559"/>
                <Baseline points="799,6651 962,6648 1092,6650 1222,6652 1352,6652 1482,6654 1612,6656 1742,6659 1873,6662 2003,6664 2133,6668 2263,6673 2393,6679 2523,6686 2653,6693 2783,6703 2913,6714 3043,6726 3174,6740"/>
                <TextEquiv>
                    <Unicode>-600. Oleum absynthij chymic. Dr. Brown.</Unicode>
                </TextEquiv>
            </TextLine>
            <TextEquiv>
                <Unicode>59&#13;
-594. A Chinese abacus. Li cheon &amp;c.&#13;
25 Vide. Du Halde. Descript. de l'Empire&#13;
de la Chine tom. 1. p. 276.&#13;
Souan pan. tom. 3. p. 267. &amp; Vol. 4. p. 228&#13;
-595. An Indian stool or Cricket from&#13;
C 245. New York.&#13;
-596. An oyle from Florence or Rome&#13;
246.&#13;
for bitings of vipers &amp;c? Dr. Brown.&#13;
-597. Olio contra Veleni, della Spezieria&#13;
de'padri di Sto. Spirito di Fiorenza&#13;
246. O&#13;
Dr. Brown wt. an account of its&#13;
vertues.&#13;
-598. Olio da ferite, della Spezzieria&#13;
67 E&#13;
&amp;. ut antea. from the same.&#13;
181.&#13;
-599. Liquore da dissenterie o altri flussi&#13;
della Spezieria &amp;c. Dr. Brown.&#13;
67 F&#13;
181.&#13;
246 O&#13;
-600. Oleum absynthij chymic. Dr. Brown.</Unicode>
            </TextEquiv>
        </TextRegion>
    </Page>
</PcGts>
