4912 7360
1042 640 3248 799 -618. A Small thumb piece of ivory to
3877 720 3974 770 62
938 874 3254 1023 163. defend the thumb against being
1282 1106 3348 1271 hurt by the bow string in Shooting
894 1280 1046 1413 25
1298 1340 2866 1513 from Turkey. Dr. Brown.
1050 1940 3240 2087 -619. Lapis contrayerva. Dr. Brown.
860 2124 1046 2259 216. b.
862 2755 3350 2904 216 a -620. Arcanum duplicatum. A. Myasicht.
958 2925 1150 3014 20. J.
1048 3598 2814 3809 -621. Pills used by Dr. Brown.
828 3753 996 3855 19 k
996 3866 1336 3993 216 a
712 4239 3256 4520 19 k -622. A white powder used by him? an
870 4534 1082 4657 216 b.
1270 4538 2914 4703 Mercurius precipitat. alb?
948 5136 3118 5309 -623. The blew pinked doublet of a Scotch
1202 5336 3076 5509 Highlander wt. pockets in his short
1226 5550 3240 5745 skirts, wt. slitts in the back & sleeves.
3577 5615 3980 5729 XXX
926 6152 3146 6299 -624. Britches & Stockins made of yellow &
1170 6362 3090 6547 red pladd of the same Highlanders.
