4912 7360
2292 667 3305 765 French Money
946 738 3260 925 -633. Gold weights for guineas &c? from
3857 763 3955 818 64
870 853 970 949 21 q.
856 976 2156 1122 216 a. Alexr. Brown.
902 1720 3188 1968 -634. A wooden spoon with a joint &c.
908 1861 1076 1950 19. O.
1012 1979 2138 2144 216 a from the same.
746 2734 3048 2874 19 g -635. The weight of a plummet for a
780 2904 3166 3122 216 a. quadrant of ivory, cubicall. from
1204 3214 1738 3348 the same.
886 3936 3138 4158 -636. Indian gloves, made of Calico. from
726 4124 1836 4322 216 a the same.
894 4898 3098 5064 -637. Severall popish trinkets, crucifixes
834 5103 3170 5298 29 a & beads in a musk rats skin made
776 5234 1146 5323 216. a
1164 5328 3096 5508 into a pouch or purse. from the
1120 5566 1444 5680 same.
842 6220 3144 6346 -638. A popish trinket made up like a watch
758 6401 1015 6466 216. a
766 6408 3028 6578 29 a of brasse wt. a crucifix & severall
1100 6606 3026 6784 earths from Jerusalem? from the same.
