4912 7360
500 682 3214 943 253. -639. A small ivory foot measure. Al. Br.
3817 740 3907 794 65
558 846 956 955 216. b.
864 1257 3186 1511 -640. A small pair of compasses of brasse.
600 1457 1089 1573 216. b.
1089 1471 1592 1577 Al. Br.
460 1873 2680 2039 253. < -641. A small hammer. AL B.
858 2565 3136 2751 -642. A cone of redish serpentine Stone
1077 2725 1277 2793 19 g.
700 2753 1140 2867 216 b.
1168 2785 2202 2913 from Alexr. Br.
830 3378 3110 3537 -643. An ovall box of greenish serpent=
678 3487 934 3573 19 m
820 3607 2752 3744 216 b =ine Stone, from the same.
830 4235 3056 4389 -644. A Chinese figure of a Bufalo lying,
822 4457 2978 4613 19. f in rice part or Alabaster from the
3294 4528 3439 4597 X
778 4659 1464 4815 216 a same.
754 5246 3102 5347 -645. The head of a cane of a small coconut
656 5324 788 5391 19 g
758 5426 2040 5553 216 a. from the same.
802 6026 2958 6110 -646. An ivory box of Civet or apoplectic
608 6132 878 6206 19 m.
818 6215 2370 6367 216 a balsam, from the same.
