4912 7360
880 682 3284 1008 -647. A bone turn'd like a sharks back bone
3805 791 3888 842 66
944 878 1178 952 19 g
984 938 2432 1122 with beads & tassels?
820 1534 3002 1702 -648. Indian money of glasse or shells
808 1673 1040 1784 28 b
1212 1756 2252 1904 white & purple.
1052 1826 1144 1948 216. a
858 2526 3002 2704 -649. A large head of an arrow of
3201 2713 3567 2769 199. c
1180 2758 3104 2956 yellow flint, from Scotland? Al. Br.
948 2914 1322 3058 27 Cab
756 3560 2480 3706 -650. A lesser one of the same.
3068 3600 3473 3660 199. c.
1005 3767 1362 3826 27 Cab
754 4318 2888 4446 -651. A lesser one of the same arrow -
794 4477 1110 4598 27 Cab
1120 4556 3214 4732 heads made of a semi diaphanous
3101 4577 3476 4632 199. c.
812 4632 850 4743 209.
1132 4750 3044 4944 flint of a paler colour. from the
1126 4982 1406 5106 same.
722 5524 2922 5724 -652. Two glasses for a camera obscura &
736 5750 2946 5892 216. b. painting frame from Mr. Wilson &
1136 5966 1904 6090 Alexr. Brown.
616 6403 2942 6515 653. A sett of Mr. Wilsons microscopes &
714 6530 3270 6809 653 objects & a frame to hold them in from the same.
