4912 7360
3736 651 3836 759 72
786 651 3010 777 696. The head of an arrow of green
598 794 824 884 20 J.
1112 855 2948 981 Jasper from the streights of
582 947 976 1059 28 b
3178 1029 3944 1155 An Eft Arrow from Scotland
1136 1095 1692 1213 Magellan.
2066 1505 2426 1604 past or
440 1732 853 1854 245
853 1632 2093 1811 697. An odoriferous
2093 1605 3000 1711 composition of
680 1803 2974 2033 24 B flowers from China used there
409 1965 475 2017 i
1118 2029 2490 2179 to hang at their fanns.
722 2055 902 2167 216. h.
886 2625 3082 2737 -698. A mixture of cantharides &c. an that
862 2725 1114 2809 19 m
1118 2803 3086 2925 Dr. Brown. an that of Dr. Groenfield?
684 2817 756 2927 216. a
444 3421 2958 3637 245. -699. A cane case for water to hang in the
1094 3605 3090 3797 East Indies in hubble bubbles to cool.
472 4269 3031 4477 245. -700. A kind of battle ax used in Spaine
3031 4269 3818 4393 0. 2. 6.
776 4921 2662 5105 -701. An ostridges egg painted.
686 5182 997 5249 227
808 5575 2956 5761 -702. A hubble bubble or case made of
1048 5751 2986 5931 cane for holding water to cool in
536 5899 728 6025 245
1064 5912 3556 6089 in the East Indies wt. a Stone bottle wt. in
1068 6056 3948 6225 supposed to be made of Patna Earth concerning
800 6144 985 6306 X
1120 6178 3740 6335 wch. see Biron, Curiositez de la Natura &c p. 70.
2806 6257 2974 6347 X
1166 6274 2772 6413 who calls the Gargoulette
1112 6485 3010 6677 < 245 -703. A blackish earthen bottle in wch the
1046 6662 3086 6807 water in the East Indies is putt to be coold.
