4912 7360
864 515 3127 845 -704. A necklace of snail shells from the
3752 651 3877 862 73
781 679 1167 938 199 C
1142 727 3084 1032 Streights of Magellan worn by the
3101 740 3345 1079 X
1152 970 3023 1258 inhabitants of terra del fuego.
570 898 940 1243 28 C.
1371 1613 1462 1767 of
794 1641 3085 1940 -705. A pair Agate bracelets worn by the
1210 1859 3117 2173 Inhabitants of the East Indies, abt.
715 2104 1730 2414 199 e Suratte
858 2668 3029 2997 -706. A pair of the same bracelets of
1135 2902 2691 3168 blew Agats & cornelians.
862 2940 1050 3009 - 706
586 3030 1096 3350 199 e
870 3518 3101 3771 -707. A bracelet made of a Cornelian in wch.
1153 3728 3132 3973 is engraved a sentence of the Alcoran
1128 3888 3013 4125 Sett in nephritic stone worn in
795 3962 1018 4163 185
1102 4056 3126 4348 Persia & Turkey as an amulet agt.
1067 4276 1912 4491 the devill &c.
820 4700 3086 4976 -708. A necklace or bracelet of snail shells
683 4916 1078 5087 26. C.
1108 4926 3081 5168 the same with 704. Only this is black
1063 5134 3051 5368 the naturall colour of the snail, the
1015 5333 3129 5604 other worn & of a bright pearl colour
1069 5524 2741 5784 the outer skin being worn off.
543 6321 3085 6623 28. C -709. An Indian bracelet made of pieces
533 6480 932 6693 199. e
1069 6513 1937 6785 of broad shells.
773 6672 1005 6776 244
