4912 7360
440 542 2996 737 252. -710. A Turkish quiver & 12. arrowes.
3714 688 3811 745 74
1068 720 1422 863 in it.
490 1222 1990 1387 245. -711. Another lesser.
452 1838 2780 2033 252. -712. A bearded dart for fishing.
792 2450 1654 2615 -713. Another.
342 3042 2666 3213 < 245.-714. A belt to tye the quiver.
490 3752 3056 3931 252. -715. An Indian Commanders pertuisan.
844 4446 3120 4591 -716. An Indian bearded arrow for striking
612 4650 1312 4787 252. fish.
788 5192 2078 5395 -717. Pulvis fulminans?
796 5927 3018 6094 -718. Cornered beads made of glasse or Jett?
924 6113 1138 6214 20. J.
688 6138 808 6253 216. a
384 6502 3024 6691 a 245. -719. A large arrow head of white Sparr. From
986 6661 1934 6814 the West Indies.
