4912 7360
820 591 3112 798 -726. A leaden bullet shott out of a
3733 707 3824 764 76
828 763 3340 1080 19 g. wind gun & bruised to an hemisphere
738 999 1036 1073 216. a
986 1021 3122 1264 agt. a brick wall at many yards
1010 1293 3082 1464 distance, wt. a very small report.
734 2003 2128 2128 -727. A Chinese counter.
962 2161 1242 2278 20. J.
764 2699 3044 2836 -728. Aqua de Corduba, a perfum'd
821 2906 1096 2971 67 H
986 2963 2306 3086 water from Spain.
690 3077 886 3184 234. b
816 3741 3188 3934 729. A small concha cylindroides made
1078 3987 2590 4104 into an ear pendant.
882 4587 3050 4718 730. A white mother of pearl shell
698 4797 2966 4922 made into some ornament?
724 4820 1134 4896 216. a.
618 5473 2320 5606 19 m 731. A redish trochuse?
678 5629 1076 5722 216 a.
582 6023 3070 6152 245 -732. An arrow with a head of bone of the
1106 6185 2018 6332 ordinary shape
3394 6330 3911 6410 0. 2. 0.
850 6545 3102 6703 245 -733. Another with a quadrangular heads
1064 6722 1498 6816 of bone.
