4912 7360
928 569 2684 738 -741. An Indian iron Javelin?
3776 665 3864 717 78
628 725 850 785 245.
886 1657 3236 1840 -742. Bracelets made of the small black
1148 1873 3240 2084 trochulus No. 2911. from the streights
830 1951 1094 2082 224 u
1096 2107 3148 2308 of Magellan Lat. 53°. 30'. of the
1048 2471 1820 2600 larger Sort.
826 3063 2860 3200 743. The same of the lesser sort.
734 3234 1010 3378 224. u
846 3785 3044 3922 744. An Indian Javelin made of fish
754 4019 3038 4166 224. u bone for fishing in the streights
1116 4277 1876 4410 of Magellan.
628 4759 3086 4976 224. u 745. Another lesser. From the same.
844 5355 3132 5524 746. Old iron from a European wreckd
1088 5581 3074 5744 ship, sharpen'd into a knife by
742 5691 966 5810 224. u
1066 5845 2522 6010 the Magellanic Indians.
608 6135 1676 6306 224 u 747. Another.
608 6469 1712 6672 224 u 748. A third.
