<?xml version="1.0" encoding="UTF-8" standalone="yes"?>
<PcGts xmlns="http://schema.primaresearch.org/PAGE/gts/pagecontent/2013-07-15" xmlns:xsi="http://www.w3.org/2001/XMLSchema-instance" xsi:schemaLocation="http://schema.primaresearch.org/PAGE/gts/pagecontent/2013-07-15 http://schema.primaresearch.org/PAGE/gts/pagecontent/2013-07-15/pagecontent.xsd">
    <Metadata>
        <Creator>prov=University of Rostock/Institute of Mathematics/CITlab/Tobias Gruening/tobias.gruening@uni-rostock.de:name=/net_tf/LA73_249_0mod360.pb:de.uro.citlab.module.la.core.CITlab_LA_ML:v=?0.1
TRP</Creator>
        <Created>2018-06-25T20:38:55.169+02:00</Created>
        <LastChange>2023-04-25T14:36:59.281+02:00</LastChange>
        <TranskribusMetadata docId="1360439" pageId="53217611" pageNr="109" tsid="119481249" status="GT" userId="10603" imgUrl="https://files.transkribus.eu/Get?id=WGZLZKYDQHMQJMLHNZFTRMFJ&amp;fileType=view" xmlUrl="https://files.transkribus.eu/Get?id=SSDQUZMWTRJNJWBDRIEYCKCI" imageId="43210643"/>
    </Metadata>
    <Page imageFilename="0109_EPF108491079.tif" imageWidth="4912" imageHeight="7360">
        <ReadingOrder>
            <OrderedGroup id="ro_1717685697524" caption="Regions reading order">
                <RegionRefIndexed index="0" regionRef="r2"/>
            </OrderedGroup>
        </ReadingOrder>
        <TextRegion orientation="0.0" id="r2" custom="readingOrder {index:0;}">
            <Coords points="296,506 261,6849 4017,6864 4027,570"/>
            <TextLine id="r2l1" custom="readingOrder {index:0;}">
                <Coords points="1228,701 1324,703 1420,703 1517,703 1613,704 1710,705 1806,707 1902,709 1999,710 2095,713 2192,715 2288,719 2384,723 2481,727 2577,732 2674,737 2770,743 2866,751 2963,757 3059,766 3156,775 3156,664 3059,655 2963,646 2866,640 2770,632 2674,626 2577,621 2481,616 2384,612 2288,608 2192,604 2095,602 1999,599 1902,598 1806,596 1710,594 1613,593 1517,592 1420,592 1324,592 1228,590"/>
                <Baseline points="924,656 1154,663 1420,666 1517,666 1613,667 1710,668 1806,670 1902,672 1999,673 2095,676 2192,678 2288,682 2384,686 2481,690 2577,695 2674,700 2770,706 2866,714 2963,720 3059,729 3156,738"/>
                <TextEquiv>
                    <Unicode>749. Severall shells used for ornaments</Unicode>
                </TextEquiv>
            </TextLine>
            <TextLine id="line_1530094689922_62" custom="readingOrder {index:1;}">
                <Coords points="3752,632 3831,643 3824,693 3745,682"/>
                <Baseline points="3746,677 3825,688"/>
                <TextEquiv>
                    <Unicode>79</Unicode>
                </TextEquiv>
            </TextLine>
            <TextLine id="line_1530094706879_63" custom="readingOrder {index:2;}">
                <Coords points="317,706 426,696 514,680 885,690 884,740 518,730 433,746 321,756"/>
                <Baseline points="321,751 432,741 518,725 884,735"/>
                <TextEquiv>
                    <Unicode>k 245.</Unicode>
                </TextEquiv>
            </TextLine>
            <TextLine id="r2l3" custom="readingOrder {index:3;}">
                <Coords points="1232,915 1324,917 1417,917 1509,918 1602,920 1695,923 1787,925 1880,927 1972,931 2065,935 2158,938 2250,943 2343,948 2435,954 2528,961 2621,966 2713,973 2806,981 2898,989 2991,996 3084,1005 3084,894 2991,885 2898,878 2806,870 2713,862 2621,855 2528,850 2435,843 2343,837 2250,832 2158,827 2065,824 1972,820 1880,816 1787,814 1695,812 1602,809 1509,807 1417,806 1324,806 1232,804"/>
                <Baseline points="898,858 1051,846 1151,843 1254,884 1602,883 1695,886 1787,888 1880,890 1972,894 2065,898 2158,901 2250,906 2343,911 2435,917 2528,924 2621,929 2713,936 2806,944 2898,952 2991,959 3084,968"/>
                <TextEquiv>
                    <Unicode>19 f in the East Indies being pieces</Unicode>
                </TextEquiv>
            </TextLine>
            <TextLine id="r2l4" custom="readingOrder {index:4;}">
                <Coords points="1210,1157 1283,1156 1357,1155 1431,1155 1505,1157 1579,1159 1652,1160 1726,1163 1800,1165 1874,1167 1948,1171 2021,1175 2095,1179 2169,1182 2243,1187 2317,1189 2390,1194 2464,1198 2538,1201 2612,1205 2686,1207 2686,1096 2612,1094 2538,1090 2464,1087 2390,1083 2317,1078 2243,1076 2169,1071 2095,1068 2021,1064 1948,1060 1874,1056 1800,1054 1726,1052 1652,1049 1579,1048 1505,1046 1431,1044 1357,1044 1283,1045 1210,1046"/>
                <Baseline points="1210,1120 1283,1119 1357,1118 1431,1118 1505,1120 1579,1122 1652,1123 1726,1126 1800,1128 1874,1130 1948,1134 2021,1138 2095,1142 2169,1145 2243,1150 2317,1152 2390,1157 2464,1161 2538,1164 2612,1168 2686,1170"/>
                <TextEquiv>
                    <Unicode>of the buccinum called</Unicode>
                </TextEquiv>
            </TextLine>
            <TextLine id="r2l5" custom="readingOrder {index:5;}">
                <Coords points="1196,1435 1288,1437 1380,1438 1472,1439 1564,1441 1656,1441 1748,1443 1840,1445 1932,1447 2024,1449 2116,1451 2208,1453 2300,1455 2392,1459 2484,1462 2576,1466 2668,1471 2760,1475 2852,1481 2944,1485 3036,1493 3036,1382 2944,1374 2852,1370 2760,1364 2668,1360 2576,1355 2484,1351 2392,1348 2300,1344 2208,1342 2116,1340 2024,1338 1932,1336 1840,1334 1748,1332 1656,1330 1564,1330 1472,1328 1380,1327 1288,1326 1196,1324"/>
                <Baseline points="1196,1398 1288,1400 1380,1401 1472,1402 1564,1404 1656,1404 1748,1406 1840,1408 1932,1410 2024,1412 2116,1414 2208,1416 2300,1418 2392,1422 2484,1425 2576,1429 2668,1434 2760,1438 2852,1444 2944,1448 3036,1456"/>
                <TextEquiv>
                    <Unicode>used in the East Indies of wch.</Unicode>
                </TextEquiv>
            </TextLine>
            <TextLine id="r2l6" custom="readingOrder {index:6;}">
                <Coords points="1194,1721 1294,1717 1395,1715 1496,1713 1597,1711 1698,1713 1799,1713 1900,1715 2001,1717 2102,1721 2203,1725 2303,1728 2404,1731 2505,1736 2606,1739 2707,1743 2808,1747 2909,1751 3010,1755 3111,1757 3212,1759 3212,1648 3111,1646 3010,1644 2909,1640 2808,1636 2707,1632 2606,1628 2505,1625 2404,1620 2303,1617 2203,1614 2102,1610 2001,1606 1900,1604 1799,1602 1698,1602 1597,1600 1496,1602 1395,1604 1294,1606 1194,1610"/>
                <Baseline points="1194,1684 1294,1680 1395,1678 1496,1676 1597,1674 1698,1676 1799,1676 1900,1678 2001,1680 2102,1684 2203,1688 2303,1691 2404,1694 2505,1699 2606,1702 2707,1706 2808,1710 2909,1714 3010,1718 3111,1720 3212,1722"/>
                <TextEquiv>
                    <Unicode>the Dutch have the sole fishery</Unicode>
                </TextEquiv>
            </TextLine>
            <TextLine id="r2l7" custom="readingOrder {index:7;}">
                <Coords points="1196,1963 1270,1965 1344,1965 1419,1965 1493,1965 1568,1965 1642,1965 1716,1965 1791,1965 1865,1965 1940,1965 2014,1965 2088,1967 2163,1969 2237,1970 2312,1973 2386,1978 2460,1982 2535,1988 2609,1996 2684,2003 2684,1892 2609,1885 2535,1877 2460,1871 2386,1867 2312,1862 2237,1859 2163,1858 2088,1856 2014,1854 1940,1854 1865,1854 1791,1854 1716,1854 1642,1854 1568,1854 1493,1854 1419,1854 1344,1854 1270,1854 1196,1852"/>
                <Baseline points="1196,1926 1270,1928 1344,1928 1419,1928 1493,1928 1568,1928 1642,1928 1716,1928 1791,1928 1865,1928 1940,1928 2014,1928 2088,1930 2163,1932 2237,1933 2312,1936 2386,1941 2460,1945 2535,1951 2609,1959 2684,1966"/>
                <TextEquiv>
                    <Unicode>&amp; sale to the Indians.</Unicode>
                </TextEquiv>
            </TextLine>
            <TextLine id="r2l10" custom="readingOrder {index:8;}">
                <Coords points="882,3310 981,3310 1081,3309 1180,3308 1280,3306 1379,3305 1479,3302 1578,3300 1678,3298 1777,3296 1877,3294 1976,3292 2076,3292 2175,3290 2275,3290 2374,3292 2474,3294 2573,3296 2673,3300 2772,3305 2872,3312 2872,3216 2772,3209 2673,3204 2573,3200 2474,3198 2374,3196 2275,3194 2175,3194 2076,3196 1976,3196 1877,3198 1777,3200 1678,3202 1578,3204 1479,3206 1379,3209 1280,3210 1180,3212 1081,3213 981,3214 882,3214"/>
                <Baseline points="882,3278 981,3278 1081,3277 1180,3276 1280,3274 1379,3273 1479,3270 1578,3268 1678,3266 1777,3264 1877,3262 1976,3260 2076,3260 2175,3258 2275,3258 2374,3260 2474,3262 2573,3264 2673,3268 2772,3273 2872,3280"/>
                <TextEquiv>
                    <Unicode>-750. Beads made of a palm fruit?</Unicode>
                </TextEquiv>
            </TextLine>
            <TextLine id="r2l11" custom="readingOrder {index:9;}">
                <Coords points="664,3434 695,3432 726,3432 757,3434 788,3434 819,3437 850,3438 881,3440 912,3443 943,3445 974,3447 1005,3450 1036,3452 1067,3456 1098,3458 1129,3461 1160,3462 1191,3465 1222,3466 1253,3466 1284,3466 1284,3370 1253,3370 1222,3370 1191,3369 1160,3366 1129,3365 1098,3362 1067,3360 1036,3356 1005,3354 974,3351 943,3349 912,3347 881,3344 850,3342 819,3341 788,3338 757,3338 726,3336 695,3336 664,3338"/>
                <Baseline points="664,3402 695,3400 726,3400 757,3402 788,3402 819,3405 850,3406 881,3408 912,3411 943,3413 974,3415 1005,3418 1036,3420 1067,3424 1098,3426 1129,3429 1160,3430 1191,3433 1222,3434 1253,3434 1284,3434"/>
                <TextEquiv>
                    <Unicode>216. a 19 g.</Unicode>
                </TextEquiv>
            </TextLine>
            <TextLine id="r2l12" custom="readingOrder {index:10;}">
                <Coords points="932,4013 1040,4007 1149,3999 1258,3992 1366,3986 1475,3979 1584,3975 1692,3969 1801,3965 1910,3962 2019,3959 2127,3957 2236,3955 2345,3955 2453,3956 2562,3957 2671,3960 2779,3963 2888,3969 2997,3974 3106,3981 3106,3870 2997,3863 2888,3858 2779,3852 2671,3849 2562,3846 2453,3845 2345,3844 2236,3844 2127,3846 2019,3848 1910,3851 1801,3854 1692,3858 1584,3864 1475,3868 1366,3875 1258,3881 1149,3888 1040,3896 932,3902"/>
                <Baseline points="932,3976 1040,3970 1149,3962 1258,3955 1366,3949 1475,3942 1584,3938 1692,3932 1801,3928 1910,3925 2019,3922 2127,3920 2236,3918 2345,3918 2453,3919 2562,3920 2671,3923 2779,3926 2888,3932 2997,3937 3207,3950"/>
                <TextEquiv>
                    <Unicode>-751. Red Portugall earthen ware. L.</Unicode>
                </TextEquiv>
            </TextLine>
            <TextLine id="line_1530094744272_64" custom="readingOrder {index:11;}">
                <Coords points="1046,4028 1138,4026 1318,4028 1317,4078 1138,4076 1047,4078"/>
                <Baseline points="1047,4073 1138,4071 1317,4073"/>
                <TextEquiv>
                    <Unicode>19 g.</Unicode>
                </TextEquiv>
            </TextLine>
            <TextLine id="r2l14" custom="readingOrder {index:12;}">
                <Coords points="926,4699 1039,4689 1153,4678 1267,4669 1381,4660 1495,4653 1608,4647 1722,4641 1836,4637 1950,4633 2064,4629 2177,4627 2291,4627 2405,4627 2519,4629 2633,4631 2746,4634 2860,4639 2974,4644 3088,4651 3202,4659 3202,4548 3088,4540 2974,4533 2860,4528 2746,4523 2633,4520 2519,4518 2405,4516 2291,4516 2177,4516 2064,4518 1950,4522 1836,4526 1722,4530 1608,4536 1495,4542 1381,4549 1267,4558 1153,4567 1039,4578 926,4588"/>
                <Baseline points="926,4662 1039,4652 1153,4641 1267,4632 1381,4623 1495,4616 1608,4610 1722,4604 1836,4600 1950,4596 2064,4592 2177,4590 2291,4590 2405,4590 2519,4592 2633,4594 2746,4597 2860,4602 2974,4607 3088,4614 3202,4622"/>
                <TextEquiv>
                    <Unicode>-752. A spirit drawn from the peaches</Unicode>
                </TextEquiv>
            </TextLine>
            <TextLine id="r2l15" custom="readingOrder {index:13;}">
                <Coords points="1216,4909 1309,4903 1402,4899 1495,4895 1589,4892 1682,4889 1775,4887 1869,4887 1962,4885 2055,4885 2149,4883 2242,4883 2335,4883 2428,4883 2522,4883 2615,4883 2708,4883 2802,4881 2895,4881 2988,4879 3082,4877 3082,4766 2988,4768 2895,4770 2802,4770 2708,4772 2615,4772 2522,4772 2428,4772 2335,4772 2242,4772 2149,4772 2055,4774 1962,4774 1869,4776 1775,4776 1682,4778 1589,4781 1495,4784 1402,4788 1309,4792 1216,4798"/>
                <Baseline points="1216,4872 1309,4866 1402,4862 1495,4858 1589,4855 1682,4852 1775,4850 1869,4850 1962,4848 2055,4848 2149,4846 2242,4846 2335,4846 2428,4846 2522,4846 2615,4846 2708,4846 2802,4844 2895,4844 2988,4842 3082,4840"/>
                <TextEquiv>
                    <Unicode>of Virginia where they grow</Unicode>
                </TextEquiv>
            </TextLine>
            <TextLine id="line_1530094768296_65" custom="readingOrder {index:14;}">
                <Coords points="890,4927 964,4927 998,4959 1081,4963 1188,4944 1197,4993 1083,5013 978,5005 946,4974 892,4977"/>
                <Baseline points="892,4972 948,4969 980,5000 1083,5008 1196,4988"/>
                <TextEquiv>
                    <Unicode>234 b</Unicode>
                </TextEquiv>
            </TextLine>
            <TextLine id="r2l16" custom="readingOrder {index:15;}">
                <Coords points="1200,5143 1293,5138 1387,5134 1480,5129 1574,5126 1667,5122 1761,5117 1854,5115 1948,5111 2041,5107 2135,5105 2228,5102 2322,5101 2415,5099 2509,5097 2602,5097 2696,5097 2789,5097 2883,5097 2976,5099 3070,5101 3070,4990 2976,4988 2883,4986 2789,4986 2696,4986 2602,4986 2509,4986 2415,4988 2322,4990 2228,4991 2135,4994 2041,4996 1948,5000 1854,5004 1761,5006 1667,5011 1574,5015 1480,5018 1387,5023 1293,5027 1200,5032"/>
                <Baseline points="1200,5106 1293,5101 1387,5097 1480,5092 1574,5089 1667,5085 1761,5080 1854,5078 1948,5074 2041,5070 2135,5068 2228,5065 2322,5064 2415,5062 2509,5060 2602,5060 2696,5060 2789,5060 2883,5060 2976,5062 3070,5064"/>
                <TextEquiv>
                    <Unicode>wild &amp; feed hoggs with them.</Unicode>
                </TextEquiv>
            </TextLine>
            <TextLine id="r2l17" custom="readingOrder {index:16;}">
                <Coords points="672,5705 790,5711 909,5716 1028,5719 1147,5721 1266,5721 1384,5719 1503,5717 1622,5715 1741,5711 1860,5709 1978,5705 2097,5701 2216,5698 2335,5695 2454,5693 2572,5691 2691,5691 2810,5693 2929,5695 3048,5699 3048,5588 2929,5584 2810,5582 2691,5580 2572,5580 2454,5582 2335,5584 2216,5587 2097,5590 1978,5594 1860,5598 1741,5600 1622,5604 1503,5606 1384,5608 1266,5610 1147,5610 1028,5608 909,5605 790,5600 672,5594"/>
                <Baseline points="672,5668 790,5674 909,5679 1028,5682 1147,5684 1266,5684 1384,5682 1503,5680 1622,5678 1741,5674 1860,5672 1978,5668 2097,5664 2216,5661 2335,5658 2454,5656 2572,5654 2691,5654 2810,5656 2929,5658 3048,5662"/>
                <TextEquiv>
                    <Unicode>67 G -753. Elixir bechique of Mr. Godfrey</Unicode>
                </TextEquiv>
            </TextLine>
            <TextLine id="line_1530094786065_66" custom="readingOrder {index:17;}">
                <Coords points="881,5779 936,5792 975,5822 1028,5831 1074,5803 1162,5802 1161,5852 1087,5851 1038,5880 956,5869 915,5838 870,5828"/>
                <Baseline points="871,5823 917,5833 958,5864 1037,5875 1086,5846 1161,5847"/>
                <TextEquiv>
                    <Unicode>234. b</Unicode>
                </TextEquiv>
            </TextLine>
            <TextLine id="r2l18" custom="readingOrder {index:18;}">
                <Coords points="500,6435 633,6449 767,6459 900,6464 1034,6467 1167,6465 1301,6463 1434,6459 1568,6454 1701,6447 1835,6441 1968,6433 2102,6427 2235,6423 2369,6420 2502,6419 2636,6421 2769,6425 2903,6433 3036,6445 3170,6463 3170,6352 3036,6334 2903,6322 2769,6314 2636,6310 2502,6308 2369,6309 2235,6312 2102,6316 1968,6322 1835,6330 1701,6336 1568,6343 1434,6348 1301,6352 1167,6354 1034,6356 900,6353 767,6348 633,6338 500,6324"/>
                <Baseline points="500,6398 633,6412 767,6422 900,6427 1034,6430 1167,6428 1301,6426 1434,6422 1568,6417 1701,6410 1835,6404 1968,6396 2102,6390 2235,6386 2369,6383 2502,6382 2636,6384 2769,6388 2903,6396 3036,6408 3170,6426"/>
                <TextEquiv>
                    <Unicode>C 245. -754. A very large wooden tobacco pipe</Unicode>
                </TextEquiv>
            </TextLine>
            <TextLine id="line_1530094801477_67" custom="readingOrder {index:19;}">
                <Coords points="3312,6529 3466,6538 3855,6541 3855,6591 3465,6588 3309,6579"/>
                <Baseline points="3309,6574 3465,6583 3855,6586"/>
                <TextEquiv>
                    <Unicode>0. 5. 0.</Unicode>
                </TextEquiv>
            </TextLine>
            <TextLine id="r2l19" custom="readingOrder {index:20;}">
                <Coords points="1112,6703 1214,6696 1317,6690 1419,6684 1522,6677 1625,6673 1727,6667 1830,6662 1932,6659 2035,6655 2138,6651 2240,6649 2343,6647 2445,6645 2548,6645 2651,6647 2753,6647 2856,6651 2958,6655 3061,6659 3164,6667 3164,6556 3061,6548 2958,6544 2856,6540 2753,6536 2651,6536 2548,6534 2445,6534 2343,6536 2240,6538 2138,6540 2035,6544 1932,6548 1830,6551 1727,6556 1625,6562 1522,6566 1419,6573 1317,6579 1214,6585 1112,6592"/>
                <Baseline points="1112,6666 1214,6659 1317,6653 1419,6647 1522,6640 1625,6636 1727,6630 1830,6625 1932,6622 2035,6618 2138,6614 2240,6612 2343,6610 2445,6608 2548,6608 2651,6610 2753,6610 2856,6614 2958,6618 3061,6622 3164,6630"/>
                <TextEquiv>
                    <Unicode>&amp; cover wt. a leather hollow pipe to</Unicode>
                </TextEquiv>
            </TextLine>
            <TextLine id="r2l20" custom="readingOrder {index:21;}">
                <Coords points="1102,6831 1165,6842 1229,6851 1292,6857 1356,6861 1419,6864 1483,6865 1546,6863 1610,6861 1673,6858 1737,6853 1800,6849 1864,6843 1927,6837 1991,6833 2054,6827 2118,6823 2181,6819 2245,6817 2308,6817 2372,6817 2372,6706 2308,6706 2245,6706 2181,6708 2118,6712 2054,6716 1991,6722 1927,6726 1864,6732 1800,6738 1737,6742 1673,6747 1610,6750 1546,6752 1483,6754 1419,6753 1356,6750 1292,6746 1229,6740 1165,6731 1102,6720"/>
                <Baseline points="1102,6794 1165,6805 1229,6814 1292,6820 1356,6824 1419,6827 1483,6828 1546,6826 1610,6824 1673,6821 1737,6816 1800,6812 1864,6806 1927,6800 1991,6796 2054,6790 2118,6786 2181,6782 2245,6780 2308,6780 2372,6780"/>
                <TextEquiv>
                    <Unicode>Smoke through water.</Unicode>
                </TextEquiv>
            </TextLine>
            <TextEquiv>
                <Unicode>749. Severall shells used for ornaments&#13;
79&#13;
k 245.&#13;
19 f in the East Indies being pieces&#13;
of the buccinum called&#13;
used in the East Indies of wch.&#13;
the Dutch have the sole fishery&#13;
&amp; sale to the Indians.&#13;
-750. Beads made of a palm fruit?&#13;
216. a 19 g.&#13;
-751. Red Portugall earthen ware. L.&#13;
19 g.&#13;
-752. A spirit drawn from the peaches&#13;
of Virginia where they grow&#13;
234 b&#13;
wild &amp; feed hoggs with them.&#13;
67 G -753. Elixir bechique of Mr. Godfrey&#13;
234. b&#13;
C 245. -754. A very large wooden tobacco pipe&#13;
0. 5. 0.&#13;
&amp; cover wt. a leather hollow pipe to&#13;
Smoke through water.</Unicode>
            </TextEquiv>
        </TextRegion>
    </Page>
</PcGts>
