4912 7360
1824 549 2204 652 oblong
952 611 3274 864 226. -755. A hollow'd square piece of blackish
3776 726 3862 778 80
1140 860 3156 1017 marble with white spotts wt. two
1146 1088 3176 1225 holes in it to be fastened to the
1168 1288 3162 1469 region of the Spleen when that
1164 1520 2417 1649 viscus is affected. O.
2490 1540 2718 1591 (Amulet.)
2306 2104 2662 2216 leather
1094 2216 3218 2385 -756. A belt made of porcupines quills
1142 2452 3256 2605 & an iron hook before for carrying
1100 2693 3236 2853 things in Russia or New England. O.
1220 2819 1420 2909 (vid Girdle.)
908 3522 3066 3685 -757. A shoe of leather & Porcupines
898 3736 3262 3931 quills used in the same countrys. O.
864 4364 3190 4583 -758. A combe made of a Moose horn from
788 4550 3078 4733 28 b the East parts of New England, used
1064 4702 2740 4919 amongst the native Indians.
380 5248 3094 5421 < 226. -759. A Common Sabol or wooden shoe used
426 5401 510 5455 <
788 5454 3344 5613 20 L in Languedoc, abt. Bourdeaux &c. in France
366 6012 3082 6201 < 226. -760. A better sort, called an Egyptian shoe.
832 6141 1000 6239 20
1012 6197 1239 6268 L
408 6478 2974 6701 < 226. -761. A sort of shoe the underpart wood
732 6666 2828 6903 20 S< wt. a leather margin. From Russia?
