4912 7360
916 583 3144 842 -762. A tobacco pipe made of the joint
3785 732 3861 785 81
732 787 1175 932 245.
1175 829 2324 1014 of a bambo cane.
562 1647 2172 1780 245. -763. An ivory horn.
561 1888 639 1941 b
928 2391 2570 2540 -764. A Chinese birds call. X
818 2567 1122 2690 216. a 19 f
818 3063 2988 3190 -765. A piece of rope broke by Joys
826 3335 2548 3450 216. a the Kentish man. 1702.
532 3941 3128 4100 245. -766. An antient Indian? or British?
650 4125 822 4236 a
1218 4177 1698 4286 hatchet.
902 4816 3070 4964 -767. Pieces of glasse coloured & green
954 4982 1146 5082 19 m
1164 5009 3006 5150 melted in the fire of London at
1166 5169 2638 5338 Pauls. A piece not melted.
886 5557 3110 5796 -768. Water Hermetically seal'd by Mr.
808 5821 2252 6042 Wm. Dunker 1683.
822 5958 1145 6039 234 b
886 6217 2106 6350 -769. Distill'd water.
612 6644 3120 6760 -770. Fine silver dissolv'd in ag. fortis for
3646 6665 3948 6755 milky.
1110 6757 3952 6856 trying if any salt be in water by dropping it into it, it turns
