4912 7360
720 484 2804 687 -771. A small variegated palm fruit
3607 659 3720 711 82
984 668 2754 899 made into a bead by turning.
680 805 1236 900 216. a. 19 g.
676 1411 2144 1485 -772. Counterfeit opals
572 1532 784 1631 184
722 2122 2922 2247 -773. Pieces of ivory? or Shells
946 2276 1132 2373 19 g.
698 2432 886 2537 184
706 2566 998 2663 216. a.
748 2658 3124 2951 -774. A black glasse in imitation of an onyx ? O.
704 3300 2802 3687 775. A green glasse wt. gold on it?
698 3716 990 3817 216. a
472 4010 3110 4277 245. -776. A Tamarhack or Indian Mace
560 4226 3062 4429 252 b or clubb used by them to knock
3062 4230 3800 4383 0. 2. 6.
1088 4410 2950 4571 one another on the head in
1052 4666 2040 4783 their wars. O.
3256 4704 3496 4798 X
556 5142 2116 5349 245. -777. A Turkish? bow.
3212 5374 3792 5481 0. 11. 6.
798 5754 3066 5905 -778. A Turkish? quiver wt. 12 arrows.
798 5960 1740 6087 245. Salmon.
804 6332 3150 6539 -779. An Irish hatchet made of green Spleen
3415 6341 3663 6440 X
1110 6544 3068 6697 stone found after a shoure & thunder by
1078 6742 3150 6796 a Hedger ditcher who thought it hott, given by Sr. John Ra
