4912 7360
960 605 2744 718 -786. An artificcall glasse eye.
3657 720 3742 777 84
836 1233 3030 1422 -787. Lozenges for the heart barn
1152 1491 3282 1648 call'd Riders or Newberry Lozenges
703 1690 1020 1768 216. b.
1124 1755 3078 1932 said to be made of crabs or cray
1270 2055 1866 2182 fish shells.
620 2603 2774 2768 199 788. Gilt wires for medall frames.
838 2789 1302 2902 b 27 a.
854 3287 3110 3418 -789. A box made of the partition pieces
704 3465 828 3576 25
1142 3491 3072 3596 of the nautilus set wt. granats
820 3618 1100 3676 199. C
1144 3625 1870 3772 Dr. Adair.
848 3967 2960 4196 -790. A penknife the end of wch. is gold
3248 4101 3776 4178 1. 1. 6.
1106 4135 3018 4322 pretended to be made so by dipping
1098 4331 3066 4496 of it so farr into the great elixir.
864 4380 968 4476 < 151
1192 4671 1544 4782 feather
836 4719 2960 4960 -791. A fan handle of gold enameld by
3175 4790 3707 4918 3. 4. 6.
1076 4949 3018 5113 Holbein said to belong to Queen Eliz=
1014 5059 2418 5293 =abeth. given to the Queen.
818 5461 2656 5682 -792. A Chrystall glasse botle? Ad.
1146 5683 1338 5792 20. J.
836 5761 1113 5823 199 b
786 5907 3008 6250 -793. A brasse padlock difficult to be opened. Ad.
570 6190 766 6258 19 g
838 6325 1042 6448 199. b.
554 6495 2406 6704 190 -794. A corall hand. Beads &c.
