4912 7360
784 682 2990 871 795. A figure cutt in white amber sett
3640 843 3733 897 85
1190 886 1870 1039 in yellow.
746 968 966 1101 190
826 1396 2266 1599 19 e 796. A piece of ivory work.
689 1669 1047 1729 199 b
500 1955 1776 2171 21 O. 797. Ivory carv'd.
792 2175 1170 2311 199. d
756 2476 3046 2713 -798. A Malta crosse & String wt. a medall
696 2676 3070 2899 29 a on one side whereof is S. Nicolo
784 2844 3034 3099 di Bari, on the reverse, Beata virgo
1018 3086 2884 3335 sine peccato originali concepta.
565 3193 993 3248 199 e
842 3478 2330 3695 799. The head of an arrow?
760 3817 1128 3910 199. c
816 4024 2862 4381 -800. An East India bracelet of three
772 4376 1762 4547 black agats.
628 4578 1058 4703 199 e
820 4850 2594 5083 -801. The same of three onyxes.
586 5226 773 5284 199
866 5236 2966 5593 -802. The same of three agats wt. white
860 5474 2374 5813 lines in them. 209.
512 5700 828 5780 199 e.
824 5966 3038 6263 -803. A chain for a watch made of 3 mocbs.
592 6498 2670 6831 -804. A large chrystall button cutt.
590 6719 820 6785 188
