4912 7360
534 657 3144 844 -836. A Large Goa Stone made there
3703 774 3798 826 89
774 865 3188 1102 27 C by one Caspar Antonio a Priest
430 1179 3064 1344 ✓ 214. p. Dr. Hobbs told me his brother
1030 1397 3026 1542 in law a Priest of Flanders
1036 1613 3160 1758 who had been there assured him
3453 1657 3984 1755 4. 6. 0
1064 1847 3064 2010 it was made of five ingredts.
1082 2115 3164 2276 viz. pearl, bezoar, ambergrise?
1076 2347 3100 2496 emerald, & granats? & Corall?
820 2881 3036 3068 -837. Mr. Hombergs flowers of Sal
1054 3115 3090 3254 armoniac to be used in fevers
1066 3305 2782 3468 given me by Mr. Geoffroy.
472 3973 3253 4166 245. -838. A Brasile wood bow wt. its String
3253 3973 3812 4096 0. 1. 0.
1058 4215 1572 4344 of flax
3206 4763 3838 4908 0. 1. 0.
856 4745 3172 4992 -839. A long cane arrow headed wt.
994 4978 3018 5220 the bone of a pastinaca marina -
1026 5113 2842 5364 the s thread fastening it cotton.
820 5749 3118 5985 -840. Another arrow wt. the head smaller
1090 5918 2928 6125 wt. another much smaller the canes-
1038 6070 2650 6251 have a large spongy pith
3275 6222 3827 6305 0. 1. 0.
784 6455 3094 6703 -841. Another h arrow headed wt. Brasile
1024 6675 2964 6857 wood bearded severall wayes.
