4912 7360
3726 646 3802 767 90
962 697 3318 864 -842. A Colour? used in China, cerusse?
3318 794 3822 925 0. 1. 0.
750 792 1034 869 19 m
640 915 916 1030 216. a
916 923 2992 1035 From Mr. Robinson Spermaceti talc?
426 2006 2976 2163 252. -843. An Indian leather quiver
3046 2075 3860 2256 0. 2. 6.
990 2210 3078 2397 & small pouch for arrows
350 2818 3118 3017 i 245 -844. A China crooked knife in a horn
984 3032 3036 3189 or tortoise shell haft & a shagreen
3064 3098 3820 3269 0. 5. 0.
760 3148 900 3267 25
1014 3250 2964 3423 Scabbard wt. a ring to hang it at
3089 3520 3275 3577 X
1010 3534 1732 3671 the girdle
428 4074 2908 4299 226. -845. A feather whisk from Suratte
812 4318 1958 4537 8 by Dr. Waldo.
412 4816 1750 4965 226 -846. The same.
1624 5110 1684 5231 tube
412 5184 2998 5391 252. -847. A hollow trunk of palm? wood for
928 5400 2892 5545 shooting poyson'd arrows wt. a
974 5604 2858 5745 sword point at top from Mr.
652 5618 930 5745 244.
942 5817 2968 5967 Heathcote. likely from the celebes
990 5985 1842 6113 tip'd wt. silver
670 6250 2970 6401 -848. A Javelin of the same wood. bound
608 6450 2942 6595 252 abt. with Silver. From the same.
