4912 7360
1360 5577 4112 5759 # A Chinese bason of. Navarette of
1599 5840 4070 6045 China who was he says himself
1599 6085 4226 6242 notabily entertain'd wt the beating
1617 6270 4005 6463 of them for tho' they are no biger
1575 6473 4267 6708 than an ordinary bason they sound
1581 6664 4238 6917 like a great Bell & was a strange
1546 6819 4273 7084 Instrument. Churchills Collect. of Travels
996 6837 1569 6965 Voll Tom 1. p. 238
