4912 7360
932 512 3188 699 -1009. A Shirt for a bride & bridegroom?
934 653 1046 763 32. J
3827 680 3918 738 107
1244 696 3156 869 made of the bark of the Lagetto?
750 797 1032 902 224.
3415 833 3539 896 X
1246 896 1622 1021 Riley.
1228 1221 3224 1414 -1010. A very long Indian silk girdle. Id.
472 1270 830 1397 i 245.
1244 1344 1444 1438 26.
948 1506 3224 1665 -1011. A large flatt Lump of the Salt terrene
1190 1702 3080 1847 Substance found at the bottom of a
1204 1882 3090 2009 Hay rick in Ware park where the
1182 2042 3200 2179 Hay being putt up not fully dried took
1224 2234 2972 2385 fire. Sent to me by Mrs. Byde.
950 2596 3086 2743 -1012. The figure of a man sitting on a
1242 2770 3058 2897 deaths head wt. his hands lifted
1234 2972 1702 3093 up &c.
1702 2984 3142 3105 in white amber given
1192 3188 2182 3307 me by Dr. Slare.
912 3526 3166 3693 -1013. A necklace or bracelet of wrought
1174 3742 2230 3867 flatt cornelians.
686 3918 1034 4014 199e
872 4096 3096 4209 -1014. Sal cathartic. amar. Epsom. from
844 4321 1074 4457 181.
1074 4298 1808 4420 Suters hill.
876 4628 2882 4777 -1015. Terra Sal. Epsom. edulcorata.
682 4716 819 4768 181.
860 4980 2404 5101 -1016. Talcum Sal. Epsom.
738 5122 854 5177 181.
820 5250 1768 5389 -1017. Terra aq?
864 5559 3152 5693 -1018. A pair of Chinese Stillyards or balances.
672 5826 3248 5991 216 a -1019. George Harris set in printing letters. Pet.
1002 5945 1249 6026 19 g
816 6054 3150 6207 -1020. A multiplying glasse, prospective glasse,
628 6208 1160 6345 -1021. microscope &c.
1212 6339 1482 6418 Idem
852 6380 3188 6471 -1022. From Gibraltar a piece of a stone & stick
670 6463 1114 6563 216. d 20 m
1136 6506 3134 6629 wt. the tincture of the prince of Hesses, blood
706 6584 886 6703 b a
1164 6637 3156 6716 being taken from the seat where he bled to death sent me from Bradyll
906 6675 2722 6776 in Gibraltar the 13. of Dec. 1705. Mr. Conduit.
