4912 7360
700 554 3186 766 -1023. A pr boots or stocking of the Fins
3775 686 3888 745 108
748 776 2884 940 220. l. or Lapps made of leather.
754 1196 3206 1354 -1024. A pair of Gloves of the same.
751 1411 1108 1468 220. l.
3490 1624 3860 1706 10. 6.
866 1614 2168 1766 -1025. An essay balance.
2627 1768 2799 1830 X
886 1912 3170 2072 -1026. A candlestick said to be taken out
494 1920 559 1972 ✓
974 2090 3110 2246 19 f of the midle of a large Newcastle
1166 2342 3038 2472 sea coaliers perhaps only dropt in
620 2483 1040 2564 216. a
1162 2586 3066 2686 the Ship given me by Baron
1146 2746 1682 2838 Botmar.
1224 3012 3086 3148 1027. The foot of a small Guinea deer
954 3190 1142 3286 27. a.
1132 3228 3124 3380 tipt wt. gold for a tobacco stopper.
752 3271 876 3347 199
914 3618 3122 3778 -1028. Butyrum rosarum from Florence
758 3865 2330 3931 by Dr.Steigertahl.
712 4239 2994 4474 19 m -1029. A piece of red Mosaick wt. a
830 4428 2916 4610 216. a plate of gold colour on its top.
2544 4638 2902 4721 Ebany
640 4738 2666 5027 252. -1030. A Scymiter or Sword wt. a
2666 4707 3766 4802 head 4. 0.
1186 4878 4000 5081 vide Min V. in the Drawing of David cutting
1376 5050 2458 5167 off Goliahs head
896 5088 3150 5304 -1031. Bamboe tarr an ointment used for
1904 5277 3184 5409 the cure of the gout & rheumatism
1660 5308 3954 5525 This I believe is a substance from the Duke of Chandois called
1188 5553 1808 5633 in Guinea.
1808 5386 3990 5604 Unguentum Encoo or the white balsam is the ex=
1162 5502 4008 5731 =croscence of a tree growing in the country Entau lying six days
1236 5597 4010 5790 journey inland from Ashanta being to the Eastward, it is also to be
3112 5708 4004 5800 procured at Agrafee &
1208 5743 3092 5863 head cast & graved in brasse
3176 5835 4010 5913 & Creepu Countrys to
1158 5835 2370 5947 -1032. of a mongooses or ichneumon
3132 5935 3994 6021 the Eastward of the
772 5952 2568 6074 given me by Mr. Conduit.
3092 6028 4016 6123 river Voller & likewise
3048 6116 4016 6262 at Whidgah the blacks
3096 6212 4000 6348 make use of this ointmt.
3110 6329 3978 6427 in anoint themselves. in
854 6354 2984 6428 -1033. A large white fungus ad ellychnia
3092 6417 3936 6505 place of tallow being
3152 6485 4024 6584 much preferable those
760 6508 3191 6597 28. D. from Lapland wherein are stuck 2 daggers
3191 6561 4010 6678 & is extream good for all
1126 6652 3690 6762 an aul & an augur from thence by Dr. Bokelman
