4912 7360
868 486 3282 789 -1034. Some of the same fungus softened
860 644 1044 777 19 g
3789 657 3898 714 109
1148 730 2936 981 for use. From Dr. Bokelman.
1252 1258 3192 1437 -1035. Feathers turn'd & gathered together
814 1436 1070 1559 21 O.
1188 1436 3136 1645 the quill parts being in the centers
1200 1618 3232 1829 taken out of beds & pillows, made
1182 1798 3168 1985 so by making the beds as the hair
1208 1982 3012 2179 in oxen hair balls is made by
1188 2194 3000 2393 the motion of their stomachs.
1188 2378 3148 2605 From Mrs. Heathcotes. see Wenmans
1188 2556 1584 2717 tryall.
1240 2988 3202 3189 -1036. Severall sorts of artificall buttons
996 3155 3112 3361 19 f made of glasse, piece of a horse
858 3282 950 3415 246
1192 3326 2936 3531 tooth parts &c. sett in brasse.
1430 3669 1858 3782 blackish
902 3789 3102 3922 -1037. Some balsam or perfume inclosed
1200 3952 2966 4095 in wax made in the form of a
1168 4142 3046 4271 small pomegranat wt. Chinese
1188 4338 3154 4495 letters stampd on the outside. From
1192 4534 1996 4675 Mr. Serocold.
1202 4906 2986 5069 -1038. An Indian Hatchet made of the
886 5109 3084 5247 28 b nephritic Stone or piedra Hijada
845 5209 1078 5300 216. d
906 5278 2842 5437 From Jamaica by Mr. Barham.
842 5341 1082 5430 246. s.
916 5619 3118 5813 -1039. A Snuff box made of Kennel coal
678 5805 2446 5949 21. O. or Jett. From Dr. Massy.
926 6062 3124 6188 -1040. A standish for ink in cast brasse of
3345 6134 3714 6195 1. 1. 0.
754 6260 3158 6327 a hollow shell wt. sevll. others & a crab
1152 6362 1656 6469 round it.
764 6401 1004 6527 A.W.F.
863 6476 1011 6556 1853
3452 6517 3796 6580 13. 0.
730 6531 2574 6663 -1041. A sand box of the same
