4912 7360
2548 525 2856 616 amber
768 555 2138 648 244. -1061. A crab
2138 581 3610 792 of ivory made to move
3844 676 3956 791 111
1532 748 3588 1031 wt. clock work given me by Mr. Haroey.
2010 1088 2121 1141 Drum
780 1136 4028 1315 C 245. -1062. Tympanum Lapponicum different from
1440 1368 3996 1559 those of Scheffer Lapp. P. 122. but like
1428 1613 2376 1733 them having
2376 1608 4028 1759 partitions by lines on it.
1338 1826 3810 1953 hieroglyphicall & other figures of
1242 1864 1383 1962 X
1452 2058 3976 2229 their gods. &c. From Dr. Kempfer.
1481 2176 1627 2289 X
742 2388 4004 2581 245. -1063. A fish skin or shagreen case for surgeons
928 2546 3328 2795 304. 25 instruments from Japan. Id.
727 2854 785 2904 ✓
692 2956 3884 3175 244. P -1064. Japan Ink of severall colours as red
1158 3118 3896 3429 24 P. blew, white yellow made after the manner
2931 3162 3054 3234 up
1510 3396 2976 3613 of Indian ink Id. S. B
1030 3722 3514 3935 24 P. -1065. Another parcell of the same. Id.
762 3980 1210 4115 244 P.
1292 3966 3556 4229 -1066. Another with white colour. Id. X
1258 4087 1584 4157 24 P.
682 4243 1248 4388 244 P.
1276 4230 3854 4549 -1066 A white Japanese paint for the face.
1196 4398 1896 4587 24 P Id.
1300 4700 3960 4939 -1068. A Japanese & ink horn of black horn. Id.
722 4706 1374 4899 244. P. 24 P
744 4996 1444 5121 244 P. 24 P.
1444 5006 2926 5127 -1069. Another Smaller. Id.
1064 5244 3900 5395 25 -1070. A Japanese box for physick for pouders &
1058 5452 3433 5591 ✓ 199. d pills, with gold & silver Labells & two
3433 5457 3902 5579 silver
1450 5620 2166 5739 bodkins. Id.
1004 5798 1138 5871 25
1058 5804 2446 5959 -1071. Another. Id.
1210 6065 3870 6254 -1072. A Musseline shift without a seam wove
1052 6189 1336 6302 20 O
1532 6252 3952 6489 in Japan. Id. Given me by Dr. Steigertahl.
980 6378 3846 6657 163 -1073. A Pair of Japanese shoes for men of Brown
972 6528 1343 6662 25
1343 6551 2200 6709 leather. Id.
