4912 7360
841 532 883 582 ✓
854 649 1006 728 24
3806 660 3940 769 112
1078 574 3884 923 1074. A pair of Japanese shoes for women of
994 720 1254 821 163.
924 898 1244 991 199 e
1330 842 3910 1155 leather & silk. From Dr. Kempfer. S. B
1084 1008 1630 1091 209
2096 1159 3250 1317 or needles lodged in
3250 1241 3808 1367 or handle
1026 1247 2883 1390 -1075. A pair of golden pins
2883 1314 4060 1519 the case of a hammer
1048 1408 4024 1745 26 made of black horn. The head of the hammer
1024 1676 3914 1879 or mallet is lined wt. Purple leather &
1334 1850 3986 2097 the whole processe of the acupunctura
1314 2058 3928 2249 Japonenesium to be perform'd by these
944 2152 1112 2249 304
1350 2270 4014 2467 needles is described by Kempfer amoenit
1332 2486 3526 2637 exot p. 584. Id Ten Rhinc. Id.
1044 2860 3944 3069 -1076. Two of the same needles in silver together
1004 3098 4008 3319 161. wt. the cannula in a wooden case, mentiond
1040 3300 2910 3483 304 in the same place. Id.
1038 3682 3832 3873 -1077. Three other silver needles of the same Id.
1022 3915 3862 4048 in a long Lacker'd case. S. B. / Needle
1048 4029 1316 4135 304.
3482 4073 3652 4160 org
1050 4266 3874 4451 -1078. The Goddesse Quonem worship'd by the
746 4387 934 4480 A. W. F.
1122 4413 1297 4474 26
842 4451 1025 4528 1853.
776 4489 3544 4688 Japonese. esteemed their greatest God. Id.
1086 4784 3824 5009 -1079. A Japonese idol or God cutt in wood &
846 4890 1018 4987 26
1110 5011 3770 5226 161. lodged in an almond shell covered by a
806 5089 1326 5174 There ar 4.
1372 5190 2634 5341 wooden case. Id.
1092 5406 3894 5647 -1080. A leaden ring covered wt. a rim of brasse
1048 5540 1208 5641 25
1304 5629 3938 5870 made to open & pretended to causea per petuall
964 5758 1336 5897 216. n.
2964 5782 3474 5884 on & Towds
1360 5824 3222 5960 erection of the penis if shutt
3222 5894 3966 6050 the
1374 5986 3912 6229 basis of the penis. Used by the Chinese given
1416 6126 2604 6273 me by Dr. Cyprianus.
1488 6391 3928 6489 216. 25 -1081. A Pegu bell. vid. Hakluy Yard balls of Bulwer
1408 6485 2120 6581 art Chang: p. 347
2574 6530 3302 6640 of a small cane
622 6600 3940 6800 C 245. -1082. A Japonese tobacco pipe From Dr. Kempfer.
