4912 7360
3834 616 3952 724 113
516 558 3930 852 C 245. -1083. A very large tobacco pipe bole made of
1332 760 3934 1054 red clay to be join'd to a wooden pipe
1324 974 4006 1246 covered wt. black & white bugles wove into
1342 1152 3884 1428 a cloath wt. taggs at both ends. From Mr.
1364 1426 2268 1460 Hills collection.
610 1684 3954 1836 226. -1084. The habit of a Japonese made of the Spathae
1316 1882 4008 2018 of a palm tree in that Country sowed together
1338 2056 3924 2216 wt. twine made of the same. There is a coat
1057 2203 1260 2320 X
1370 2214 3824 2376 or cloak & a hatt made in the form of a -
1402 2392 3098 2558 Capouche. From Mr. Dupuys.
1354 2758 3898 2898 -1085. A broom made of the Culmi or stalks of the
1338 2930 2162 3102 Dora? Id.
630 3132 3818 3404 226. -1086. A Cushion made of the adiantum aureum
1018 3422 1122 3516 19. S.
1546 3404 2542 3568 masics Ger. Id.
558 3620 3324 3858 < 226. -1087.  Japan lackered box. Id.
722 3882 3278 4112 226. -1088. A Chinese, pincushion? Id.
510 4226 2778 4366 < 245. -1089. A wooden ladle. Id.
1076 4316 1341 4384 19. O.
666 4428 3814 4577 -1090. A manati strap for whipping the Negro
734 4608 1142 4707 a. 181.
1476 4656 3826 4778 slaves in the Hott W. India plantations
1532 4852 2536 4974 From Dr. Covell.
618 4894 3726 5106 -1091. Japan Stillyards. Id. Single - in wooden case. L. 13 1/2in.
638 5116 3920 5300 -1092. A fire screen or fann of Vulturs? feathers. Id.
516 5347 3904 5491 -1093. A fann of a leaf of the palm Lantor, painted. Id.
550 5482 2170 5589 C < 226. -1093 *. Do. not painted.
680 5542 2256 5718 245. -1094. A Pans pipe. Id.
524 5726 2716 5916 b. 245. -1095. A wooden short pipe. Id.
522 5898 2998 6112 b 245. -1096. A wooden longer pipe. Id.
510 6057 589 6115 b
618 6096 3004 6300 245. -1097. A very small wooden pipe Id.
592 6258 2894 6478 245. -1098. A small pipe of bone. Id.
2998 6383 3167 6500 X
640 6432 3820 6621 245. b -1099. A small pipe of reed. Id. Best reeds for flutes on the
1600 6628 3176 6711 river Melas Plutarch. in the life of Sulla.
512 6590 3906 6790 245. -1100. A large reed pipe from the great Mogols country from
2514 6784 3118 6872 Mr. Dupuys.
