4912 7360
972 551 3818 731 -1124. Cherries made of wax. From Mr. Dupuys.
986 698 1139 766 19 f
550 789 3872 949 -1125. A sophisticated artificiall Goa stone in
1004 921 3928 1096 27. C. in imitation of those of Caspar Antonio.
3820 934 3929 986 115
524 1265 3824 1501 e 244. -1126. A rosary of Silkworms gutts. Roses, a ring
1384 1443 3872 1683 &c. made of silkworms gutts. From Calabria
1418 1637 3044 1857 ann. 1678. From Dr. Covell.
590 1903 3786 2173 e 244. -1127. Beads &c. of straw made by the Nuns of
1010 2231 2190 2365 29 C Cleve. Id.
558 2413 2686 2597 e 244 -1128. A Gordian knott. Id.
578 2630 3244 2855 -1129. A pair of wooden beads. Id.
2686 2811 3514 2965 smaller. Id.
1026 2872 1274 2949 29 b
606 2977 1426 3125 e 226 -1130.
2694 3069 3250 3195 The same.
554 3209 1366 3355 -1131.
576 3411 2596 3589 -1132. Corall beads. Id.
854 3572 1083 3631 29 b
932 3653 3906 3865 -1133. A Siberia cap. made of ducks breasts. State
998 3837 2103 3961 20 H. of Russia p.
2103 3855 3336 4005 413. From Mr. Bell.
1066 4091 3932 4217 -1134. A chinese God graved upon a Pebble by Tortoises
1088 4257 2626 4407 185. urine From Mr. Bell. X
829 4290 948 4370 X
1106 4507 3974 4697 -1135. A chinese earning or ornament for the hair made
842 4712 3960 4819 199 e 24 of a cantharis among the insects No. 3817. From
714 4892 814 4946 X
1430 4941 1934 5065 Mr. Bell.
1220 5158 3928 5284 -1136 Another ornament for the hair of pearls Id
1008 5367 3536 5575 21. O. -1137. A perfumd necklace. From the same
720 5571 3876 5795 27 b -1138. Occhio umano artificiall. Gio. Bapt. Verle.
894 5793 3960 5972 24 -1139. A sheet of paper from Japan of a redish brown colour
1402 5945 2723 6096 wt. white small flowrs
2723 5909 3876 6030 being 18 or 20 ells of
1700 6068 1847 6119 Long
1116 6043 3280 6220 Japan & one broad. From Dr. Kempfer.
882 6273 2684 6424 24 -1140. Another different. Id.
1888 6418 2252 6543 grayish
1194 6524 3044 6677 -1141. A third wt. larger flower. Id.
874 6606 1002 6676 24
