4912 7360
752 583 3880 758 27. C -1142. A cup of rhinoceros horn carvd & gilded from
700 647 864 764 199. C.
934 723 2542 868 Japan from Dr. Kempfer.
3756 802 3868 896 116
2624 898 2779 949 X
3220 901 3832 1012 in wooden case
3669 978 3809 1065 X
598 992 826 1099 A.W.F.
1000 1037 3730 1156 -1143. A Japan double stillyard or ballance. Id.
952 1160 1040 1199 25
3484 1133 3804 1218 L. 11 4/10.
638 1242 2974 1381 -1144. A single one. Id. in wooden case.
651 1255 857 1334 A.W.F.
760 1353 988 1419 1853.
738 1451 3900 1704 24 -1145. Two metallick burning glasses of Japan in a red
1160 1759 1852 1874 case. Id.
958 1859 3934 2086 -1146. two others dorned wt. flown on their backsides. Id.
762 2009 940 2118 24
980 2121 3816 2356 -1147. A Japan black box in which are Japan beads
735 2271 777 2323 ✓
1300 2289 3888 2548 of the fruit of Azedarach carved 110 in number
990 2433 1280 2540 26
1344 2493 3624 2736 2 boxes in which are 2 idols carved in
3624 2493 3894 2594 2
1396 2659 3824 2930 almonds & † another inclosed in glasse made
980 2817 1230 2908 199 e
1416 2875 3454 3128 of a grain of rice. Id. Stole? S. B.
1044 3029 1200 3134 26
1362 3095 3728 3374 25 -1148. A round cylindricall Japan black box. Id.
770 3375 3742 3600 24 -1149. A Japan cylindricall box lackerd black wt.
899 3392 1207 3464 199. C
1022 3639 2456 3792 199. C gold flowers. Id.
1026 3759 3906 3981 -1150. A black Japan box wt. 3 partitions red wt. in Id
858 3995 1274 4097 27 a.
798 3997 3546 4268 25 -1151. A red Japan box, black with in Id.
1030 4239 3782 4468 -1152. A box made of splitt canes of various colours
942 4503 2506 4660 24 C Japan'd wt. in Id.
2558 4607 3016 4693 bamboo
750 4754 2260 4851 24 -1153. A Japan ell
2260 4657 3432 4818 of cane. Id. S. B.
630 4681 712 4738 ✓
798 4969 3882 5172 199. -1154. A Japan iron pott wt. a red lacker'd cover. Id.
790 5203 3778 5402 24 -1155. A small perfum'd cushion covered on one side wt.
922 5411 3490 5596 199 b red & the other gray flowerd silk. Id.
886 5601 3558 5816 -1156. A Japan idol of sloth sitting. Id.
910 5845 2626 6058 -1157. Kin-tai-si a trochise. Id.
1070 5999 3870 6224 -1158. Musii-Gusuri, pilulæ  obscure cinereæ concolores ventris.
535 6205 825 6325 24 C
1374 6263 1550 6366 Id.
1118 6290 3894 6506 -1159. An sin san, pulvis russe incarnatus contra Lypothym
921 6553 1141 6627 199 b
1298 6593 2226 6714 post partum. Id
