4912 7360
476 534 551 591 ✓
534 553 3822 752 242. -1189. A Chinese figure of a man in brasse sitting wt. a
1336 769 3644 894 Jarr in one hand & a cupp in the other.
722 770 943 900 A.W.F.
1002 820 1131 887 26
853 842 979 927 1853
3678 845 3842 954 S B
1374 879 2758 1010 He rests on a leaf. H. 1 7/8 L. 3 1/2in
548 1074 600 1126 ✓
836 1075 3936 1242 -1190. A Chinese figure of a boy prostrate having something
651 1210 836 1338 A.W.F.
772 1253 903 1345 1853
716 1295 1134 1344 26 B
1274 1287 2716 1423 in his two hands. S B L 1 3/4.
3724 1299 3840 1406 -1191.
522 1422 566 1473 ✓
1352 1452 2214 1565 The same. L 1 3/4
913 1458 1120 1526 1191.
2644 1463 3034 1573 in brasse
1210 1576 3834 1694 242. -1192. A Chinese imaginary lyon wt. wings & horns-
2146 1662 2838 1772 & the Japanese
1390 1774 3910 1883 supposed by them to lye at the bottom of the sea
1068 1791 1204 1902 26
1366 1979 2274 2104 & cause Storms.
606 2287 1360 2411 242. -1193. A Chinese lyon in brasse Lying along.
1018 2391 1266 2475 26 B.
622 2492 3174 2720 242. -1194. Another in a sitting posture.
1011 2728 1139 2783 26
528 2683 3786 3002 -1195. A white China bason made at Berlin in
1886 2666 2066 2760 Porcelain
3210 2567 3550 2673 Dresden
1162 2904 3946 3138 imitation of China wt. blew characters at bottom.
506 3067 750 3194 ✓ 199
858 3175 3986 3386 -1196. Another. Both given me by the Lady Darlington.
616 3327 904 3415 249.
596 3433 3930 3632 -1197. A white tea dish wt. a handle made of a
619 3574 847 3643 249
1278 3631 3912 3798 vine branch wt. its leaves towards the bottom
1308 3819 3624 3980 in strong gold colour from the same.
656 3897 896 4008 23 b
1012 4125 1988 4236 -1198. The same.
652 4190 896 4288 249
496 4192 543 4244 ✓
664 4321 2018 4486 -1199. The same.
669 4412 951 4497 249
620 4547 1908 4670 -1200. The same.
986 4679 3904 4870 -1201. A white lump of chalk or limestone glased over
790 4861 3900 5054 30 C from the fields near Oxford, being I suppose
1114 5013 3874 5248 burnt but carried out wt. other lime for manuring
1332 5161 3892 5408 the ground. It is believed by some to be a thunder
1376 5307 3880 5558 bolt, thunder showrs making such substance more
1406 5525 2318 5706 taken notice of.
1022 5575 3948 5868 -1202. A red liquor used by the Indians in New England
1254 5735 3874 6046 for curing dropsys, likely to be from the fruit of the
946 5960 1094 6031 181.
1286 5973 3928 6204 solanum bacciferum racemosum. Given me by Mr. Franklin.
1010 6155 3912 6380 -1203. An Indian apron from South Carolina made of the bark of
1240 6375 3922 6546 wild Mulberry tree, this kind of cloath wt. kind of base
1238 6569 3910 6684 they make wt. splitt care are the only mechanical arts
1462 6687 2822 6812 worth notices Mr. Catesby.
