4912 7360
754 562 3930 773 -1204. Some of a glasse bottle which was made in a glasse
776 718 948 853 20 J
1160 728 3930 915 house in France, Tis greenish & blewish in some places
972 906 3888 1125 If putt into Spirit of nitre it turns mucilaginouse
909 1005 1104 1067 199
1224 1098 3912 1319 in Sp. Sal. more so & turns to a sort of alum in
952 1296 1066 1423 b
1218 1324 3926 1557 Sp. Vitriol. From Mr. Geoffroy Apothecary at
3686 1516 3826 1637 120
1272 1642 1596 1757 Paris.
1238 1846 3818 1973 -1205. A purse made of the stone Asbestus, a piece
1256 2010 3904 2195 of the Stone, and a piece of wood the pithy part of
1308 2182 3932 2435 wch. is of the same nature & calld by the Inhabitants
908 2334 1136 2455 163
1318 2364 3808 2619 Salamander cotton. From Mr. Francklyn from
1316 2674 2078 2837 New England.
1022 2948 3882 3121 -1206. A flower used for tea in New England. Id.
998 3090 3804 3355 -1207. The handle of a dagger cutt out of a brownish
817 3128 1187 3194 242. m.
984 3259 3680 3553 199. C. yellow wood into the shape of a lyons head.
1082 3592 3738 3783 -1208. A large bead of Lapis hæmatites cutt into
1290 3879 3096 3972 many angles found at Windsor.
1038 3906 1208 3962 186
2994 3909 3478 4020 boll round
538 4003 3854 4211 k 245. -1209. A large Calumet or tobacco pipe made of black
1320 4162 3850 4399 marble to which are fitted long pipes of reed or
604 4227 687 4278 <
1354 4370 2918 4535 bored wood of sevll. figures.
558 4596 2366 4777 k 245. -1210. Another smaller.
666 4749 723 4800 <
1138 4803 1858 4978 -1211. Another.
576 4821 3892 5139 -1212. Another wt. the picture of a naked woman on its
579 4884 1034 5000 k. < 245.
565 5042 998 5172 k. 245.
658 5102 749 5157 <
1238 5176 1458 5303 end.
592 5196 3216 5473 k. 245. -1213. Another wt. its shank cutt square.
1086 5410 3934 5675 -1214. Another wt. an extant square piece cutt in the shape
664 5430 742 5486 <
539 5577 988 5713 k. 245.
1356 5662 2772 5813 of the butt end of a gunn.
643 5680 688 5730 <
1100 5812 3918 6003 -1215. A rope for tying any thing made of the hair of the head of
1442 6006 3882 6139 the American bufalo described by Mr. Hennepin.
1163 6046 1389 6108 19 S
1086 6230 3894 6386 -1216. The same hair dyed red & yellow tyed in tufts on
828 6335 3856 6519 220. k 19 S a string as an ornament for the Carolina Indians.
830 6580 2988 6729 19 J -1217. Garters of the Indians. Id.
