4912 7360
908 547 3812 759 -1218. A large Carolina basket made by the Indians of
504 599 790 753 244.
1226 741 3906 967 splitt canes some parts of them being dyed red by the
1262 958 3970 1114 fruit of the solanum magium Virginianum racemosus
1622 1040 1990 1114 & black
1318 1138 3894 1283 rubrum They will keep any thing in them from being-
1360 1313 3902 1465 wetted by rain. From Coll. Nicholson governor
1394 1528 3782 1610 of South Carolina whence he brought them.
3734 1631 3862 1708 121
1006 1811 2572 1981 -1219. A smaller one Id.
578 1915 870 2043 244.
1024 1983 3796 2205 -1220. A large tobacco pipe or Calumet de paix
475 2109 541 2161 ✓
488 2161 894 2291 C 245.
1462 2193 3846 2405 wt. a brim like a hatt & a pipe of wood
552 2295 628 2346 <
1502 2395 3872 2597 Scallop'd on the edges. From the same. S. B
1448 2587 3796 2841 C 245. -1221. The same of a white marble or sope stone
586 2697 653 2754 ✓
1560 2813 3788 3019 differently figured wt. the pipe of cane
582 2929 648 2983 <
1576 3009 3812 3255 wt. Spirall red stripes. There
1588 3189 3840 3417 belongs to these some times a Maraca
1608 3347 3736 3583 or calabash &r gourd wt. something to
1664 3489 3924 3767 rattle in it & five or 6 feathers
1608 3681 3926 3925 of the white headed Eagle on a string Id.
3134 3811 3262 3907 S B
698 3937 3900 4299 245 -1222. A Carolina arrow headed wt. a triangular bone. Id.
2936 4123 3876 4257 the Scale of a fish. Id.
2954 4299 3526 4459 a flint. Id.
746 4329 1404 4495 245 -1223.
2942 4461 3824 4643 a triangular piece of
1150 4503 1430 4649 245 -1224.
1170 4693 1442 4829 245 -1225.
1560 4769 2084 4921 copper. Id.
796 4809 3900 5219 k 245. -1226. An Indian boul wt. wch. the play at bouls made
1648 5013 3332 5353 of a gray sand, stone hollowed. Id.
692 5205 752 5299 <
596 5269 3732 5607 k 245. -1227. An Indian Hatchet of Lapis Nephriticus or
1514 5453 3922 5767 touchstone wt. a hole to fasten it into a handle. Id.
720 5599 812 5649 <
608 5671 3098 5951 k 244 -1228. A large one wt out a hole. Id.
996 5853 3834 6175 30 -1229. An ovall shapd dish of earthen ware wherein
1668 6113 2514 6284 is embos'd
2514 6058 3794 6221 & Eve lying at length
1228 6245 1548 6389 199 d
1738 6243 2814 6422 From the East Indies.
846 6399 1128 6534 27 C
1128 6407 3116 6561 -1230. A Goa stone not perfumed.
1206 6599 3908 6757 -1231. A bunch or plume of various coloured spur glass.
948 6618 1161 6705 216
