4912 7360
1462 469 1650 554 Instrument
900 577 3834 792 -1232. A machine invented in the Highlands of Scotland
944 715 1168 812 19 g
1212 759 3814 990 where by the two thumbs are putt in the stocks
1226 967 3694 1132 & kept so by a padlock. Given me by Dr.
3726 1123 3894 1248 122
698 1145 954 1272 XX
1242 1223 1750 1374 Houston.
574 1403 2570 1678 -1233. An Italian padlock.
2722 1505 3010 1622 XX
1006 1701 3852 1902 -1234. An ebony Inkhorn &c from the E. Indies.
515 1727 580 1777 <
626 1969 3566 2202 252. -1235. A fish skin or Shagreen target. Id.
490 2205 3776 2448 d 226. -1236. A fan made of a painted Talipat leaf given
1342 2420 2464 2576 me by Mr. Theobalds.
660 2725 3814 2924 236 -1237. A Maracca or rattle of a gourd made use of
1420 2934 3936 3097 by the Indians of Carolina as a rattle in their
1724 3045 2334 3146 Calumets &
1412 3133 1970 3257 triumphs
1970 3163 3316 3295 &c. from Coll. Nicholson.
1056 3435 3902 3642 -1238. Very large & strong paper given me
1414 3661 3882 3856 by Sr. Nicholas Waite who brought it
1436 3859 2884 3982 from the East Indies.
1094 4175 3858 4348 -1239. Very large thin paper from Japan
704 4201 986 4320 24 ?
1128 4383 2688 4538 199 a by Dr. Kempfer.
1166 4697 3768 4902 -1240. The distill'd oil of Cassumuniar
1010 4944 1498 5076 181.
1498 4927 3790 5194 from fort St. George in the E. Indies.
712 5150 3844 5440 -1241. China ware made into the form of a
838 5343 1336 5502 183 23.
2290 5441 2478 5558 S. B
1444 5441 2268 5592 Melongena.
790 5653 3910 5938 245. -1242. A painted shield of leather from China.
1083 5883 3664 6066 -1243. Chinese dice given me by Mr.Theobalds.
562 5917 824 6011 199. e
722 6071 854 6182 181.
1070 6076 3118 6216 -1244. Oil of the root Cassumuniar.
676 6235 3472 6441 27 b -1245. An artificiall eye from Dr Steigertahl.
816 6371 3818 6597 -1246. Cinders from the iron furnaces in Sussex by Mr.
888 6591 3544 6778 99 Fuller; glasse botles are made of it at Bristoll!
