4912 7360
1023 552 3960 709 A case of instruments from China for the ears wt. the instrument.
812 723 934 773 25
752 799 3872 1011 -1248. a breast Jewell made in America by the Indians
1032 1013 3940 1167 of beetles wings sett upon straw of a gold colour.
856 1031 1010 1139 24
494 1163 854 1301 < 199
3706 1179 3846 1277 123
722 1445 3936 1657 -1249. Two strings of Costa peixa Vergine. Cura. Semed.
1348 1653 1710 1757 p. 28.
892 1695 1140 1805 199. b
786 1965 3074 2089 -1250 A snow shoe from Hudsons bay.
508 2109 3374 2351 252. -1251. An Indian quiver an arrow & girdle.
508 2407 2318 2543 252. -1252. An ancient Gantlet.
506 2603 3046 2741 245. -1253. A sun dyall upon a walking stick.
486 2767 506 2869 <
2884 2795 3176 2891 L. 3 1/2.in
730 2807 2766 2961 -1254. The head of an Indian lance.
756 2999 776 3095 163.
1018 3072 2134 3198 -1255. An Indian Pagode.
542 3184 1076 3232 19 f
764 3198 3798 3378 -1256. A vomit of a vegetable juice perhaps asarabacca wch.
694 3452 1056 3507 181 67 J
1126 3457 2434 3607 works quickly & easily.
804 3745 3814 3869 -1257. A sapo made of palm oil & wood ashes
1246 3959 3914 4071 in the Island of St. Thomas upon the coast
1278 4167 2976 4281 of Africa by Mr. Campbell.
530 4432 2806 4525 i 245. -1258. Garter made of cotton. Id.
944 4545 1170 4634 29 a
1058 4701 3164 4765 i 245. -1259. A cap made by a needle Id.
3066 4720 3265 4794 X
862 4765 1084 4830 19 W
468 4779 531 4831 <
804 4881 1320 5000 -1260. A
1946 4895 3888 5031 of cloath made of a palm leaf
508 4896 685 5019 245
938 5099 3838 5261 19 Q or prickly chamæriphe called there sick
1460 5317 2172 5423 grasse. Id.
852 5445 3736 5681 An iron spear the handle inlayed wt. mother of
728 5611 2478 5837 216. a 19. O. pearl. from Spain ?
726 5865 3916 6075 25 -1262. Chinese instruments for pairing the nails & a broad ended
878 6083 2682 6219 199. C one for cutting corns.
563 6226 633 6276 ✓
746 6327 2792 6449 -1263. A Chinese razor. 304. S. B
2370 6522 3682 6647 Cadenatz de la Chine
864 6581 2312 6719 -1264. A Chinese padlock.
2450 6652 3298 6747 Biron p. 280.
