4912 7360
510 541 3832 802 245. -1265. A Tutaneque bottle covered wt. painted linnen
1336 755 3792 968 twice, to be wetted in order to cool wine or
1384 947 3740 1122 water to be drank. To be putt for that
1386 1129 3108 1272 purpose into a hubble bubble.
3726 1161 3848 1265 124
1438 1443 3734 1618 -1266. A Turkish knife wt. an ivory handle. From
1036 1701 1653 1814 199. b.
1653 1677 2338 1806 Dr. Covell.
1938 1793 3630 2038 with an inlaid handle. Id.
906 1964 1314 2067 -1267.
916 2093 1074 2190 163
572 2215 3820 2452 245. -1268. A bow made of a cane wt. a String of the Same
1202 2379 3736 2604 which belonged to a Negro Prince in Africa
1228 2669 2022 2818 given me wt.
586 2883 3892 3190 245. -1269. A quiver belonging to the same, wherein are
1278 3149 3892 3410 arrows made of the same & loose heads in a
1298 3421 3330 3614 pouch made of Iron, by Mr. Gale.
998 3809 3758 4012 -1270. A Speculum from China from Baron
802 4068 974 4127 24
968 4100 3078 4221 199. b Rostgards sale in Denmark.
1030 4395 3804 4620 -1271. Agnus dei, crosses, &c to be worn by Roman
958 4607 2818 4814 29 b Catholics from Dr. Covell.
758 4817 3862 5124 19 k -1272. Amalgama of tin & Mercury for taking off the
1496 5043 3422 5314 impressions of Seals from Mr. Courten.
964 5157 1274 5268 216. a
1040 5475 2970 5652 -1273. A China brush of Bambo &c.
543 5484 923 5648 i 245
590 5558 646 5612 <
962 5665 1166 5731 25.
754 5619 3830 5952 1274. Chinese Matches & perfumes to be burnt before
518 5800 899 5922 i 245
559 5866 630 5916 <
1502 5907 3046 6128 their idols & to fine their guns.
928 5908 1053 5974 25
518 6322 993 6528 i 245
734 6352 3836 6530 -1275. A persian necklace from Gomroon made of
545 6430 625 6480 <
1066 6573 1266 6696 19 V
1410 6625 2317 6714 the tribulus
2317 6635 3320 6758 agrat? fruit
