4912 7360
830 521 2534 678 -1276. A small box made of birch wood the top being
755 728 1001 791 21. O.
1326 737 2474 972 clouded like an agat.
3684 807 3868 948 125
819 819 1126 909 199 C
832 1069 3760 1336 -1277. A gold plate worn on the upper lip by the
1400 1283 3848 1548 Indians of Darien going thro a hole in the
960 1423 1084 1554 161.
1444 1473 2682 1738 partition of the nose.
850 1877 3782 2120 -1278. A nutt cracker for walnutts made of cedar wood
932 2063 2398 2268 21. O from Carolina.
912 2174 1057 2251 199
848 2429 3866 2622 -1279. The piece of a barrell of a gun or fusee which was
1288 2615 3830 2774 in an East India Ship cast away on the North of
1256 2807 3864 2986 Scotland. She was sent from Holland abt. 1712 &
963 2928 1189 3006 199.
1338 3009 3750 3160 there sticks to the barrell a gold ducat &
1384 3239 3896 3366 many pebbles sand &c. vid Chrystalls No. 1393.
1380 3369 1564 3474 &c.
1392 3577 3894 3788 -1280. A lump of the same pebbles sand &c sticking
1398 3795 3898 3992 to & cemented wt. a ducatoon in the midle
1072 3971 3770 4188 199. b of it. I saw another piece wt. the year
1512 4175 3896 4348 1711. on it. They were taken up in the year
1538 4379 3768 4542 1725. & lay in 13 fathom water I had
1524 4565 3838 4758 them from the diver who brought them up.
1088 4787 3842 4984 -1281. A China tomb stone taken of a grave at Vampo
1268 4971 3838 5178 by Mr. Skinner where were many hundreds in the
1178 5161 3880 5366 199. a same form. Vampo is a small town or village in the
1342 5337 3816 5524 river of Canton or Quantung. It lay flatt on the
1380 5509 3872 5670 grave wt. the writing upwards. The grave was in
1390 5696 3876 5847 the form of a hillock & this inscription was placed
1376 5847 3880 6045 on the top of it. It seems to be the form used by the
1388 6027 3800 6197 Common people on that part of China in their
1432 6191 2852 6329 burialls from Mr. Lockyer.
562 6322 3792 6518 < 245. -1282. An east India torch made of Dammar a rosine which
3379 6513 3475 6608 X
1374 6529 3258 6706 comes from a tree there in great plenty.
