4912 7360
798 519 3494 728 245. 1283. A substance resembling brown bread petrified.
3704 701 3834 810 126
838 819 3910 970 -1284. Sedimentum Tongr. From Dr. Hubbert. vid. Mineral Waters.
668 943 723 996 8
541 1000 607 1055 ✓
858 1007 3930 1206 -1285. Minera balnei callidi prope Frag pontium a scaturigine
608 1226 814 1354 ✓ 8
1168 1225 2030 1388 deprompta. Id.
1302 1493 3302 1668 ✓ 8 -1286. Sedimentum aque Antonianæ Id.
668 1803 2578 2048 ✓ 8 -1287. Terra savenerÿ Id.
942 2011 3782 2282 -1288. Ocre from Tonnelet. Id. bæ Spad. Terra Spadan.
678 2247 862 2376 ✓ 8
1788 2283 2690 2462 Geronster. Id.
658 2437 1224 2596 ✓ 8 -1289.
966 2507 3908 2804 -1290. Sedimentum aquæ dulcis in hospitio apud Trajectum
816 2806 891 2857 8
1388 2819 2174 3038 ad Mosam. Id.
850 2968 3030 3277 8 -1291. Sedimentum aq. de Bre. Id.
1710 3270 1776 3328 lit
1026 3281 2418 3440 8 -1292. Sur 2 Deau. Id.
602 3373 662 3502 ✓
966 3495 1744 3698 -1293. Idem.
618 3569 738 3698 ✓
906 3621 2898 3910 8 -1294. Terra Colin Poution. Spad. Id.
648 3855 696 3984 ✓
620 3915 2408 4146 ✓ 8 -1295. Berchenfelt in
2408 3899 3826 4046 near the river side. Id.
630 4103 2818 4344 ✓ 8 -1296. Scoriæ terræ spadanæ. Id.
1310 4385 3824 4548 ✓ 8 -1297. Terra seu precipitatum Spontaneum Tongrens. Id.
850 4603 3394 4822 ✓ 8 -1298. Tonneletÿ, circulus unctuosus. Id.
684 4799 3866 5022 ✓ 8 -1299. Terra Pouhontÿ post coctionem & filtrationem. Id.
732 5019 2914 5246 ✓ 8 -1300. Pellicula unctuosa Tongr. Id.
618 5287 2186 5450 ✓ 8 -1301. Soufre d'Aix. Id.
934 5457 3812 5654 -1302. Sediment. Tongrens. ab aqua putrefactæ relict pars
716 5655 914 5796 ✓ 8
1510 5703 2234 5916 pinguis. Id.
690 5809 3346 6098 ✓ 8 -1303. Sedimentum aq. dulcis sylvæ ducis. Id.
682 6044 3542 6283 ✓ 8 -1304. Sedimentum Pouhoutÿ absque filtratione. Id.
2036 6289 3580 6415 Geronsterÿ in media relict. Id.
712 6329 1296 6484 ✓ 8 -1305.
1014 6551 2824 6724 8 -1306. e Crucibulo extr. Tongr. Id.
