4912 7360
614 575 3146 789 ✓ 8 -1307. Terra Tongrens. From Dr. Hubert.
3764 696 3912 813 127
620 829 2698 1027 ✓ 8 -1308. Sedimentum Joviale. Id.
944 1081 3844 1273 ✓ 8 -1309. Sedimentum balnei calidi prope Fragpont. Id.
1856 1307 2640 1423 Watroz. Id.
624 1361 1176 1545 ✓ 8 -1310.
833 1525 895 1579 8
1924 1595 2828 1731 Tonneletÿ. Id.
586 1637 1120 1765 ✓ 8 -1311.
848 1851 3784 2037 -1312. Aq. Tongr. putrefacte sedimentum sul foraca
604 2031 818 2147 ✓ 8
1194 2031 3902 2261 pelliculæ diversicoloris in fundo varies relicta. Id.
572 2307 3690 2527 ✓ 8 -1313. Sedimenti Tonneletÿ pars pinguis. Id.
832 2547 3728 2777 ✓ 8 -1314. Sedimentum Geronsterianum utrunq,. Id.
878 2719 3900 2999 ✓ 8 -1315. Sedimenti Tonneletÿ pars magis unctuosa. Id.
868 2997 2386 3229 ✓ 8 -1316. Flores Tongreuses. Id.
698 3163 3630 3463 ✓ 8 -1317. Sedimenti Watroz. Circulus unchiosus. Id.
934 3369 3798 3653 -1318. Pouhontÿ sedimentum in medio relictum non
1384 3597 3636 3803 absqz aliqua parte circuli unctuosi. Id.
666 3789 2954 4013 ✓ 8 -1319. Sulphur & Sal Aquisgran. Id.
1338 3959 3346 4213 ✓ 8 -1320. Sedimenti Jovialis pars pinguis. Id.
992 4231 3036 4481 -1321. Sedimentum Savenerÿ absyz, filtratione parat. Id.
676 4415 3690 4731 ✓ 8 -1322. Sedimenti savenerÿ pars pinguior. Id.
912 4490 990 4543 8
1346 4737 2512 4889 ✓ 8 -1323. Pellicula Tongr. Id.
1046 4913 3876 5107 -1324. Unctuosum Gerosterÿ sedimentum cusus pars
1442 5105 3972 5305 bombaci (cotton) supposita & igni admota flagravit.
788 5147 932 5265 ✓
1516 5369 1702 5470 Id.
696 5445 2164 5590 ✓ 8 -1325. Iron stone? Id.
802 5665 2222 5829 ✓ 8 -1326. Savenerÿ. Id.
1074 5733 3684 6018 ✓ 8 -1327. Blew clay. Id. [From 1284. to 1327. vid. Contents of Mineral Waters.]
1074 6077 3992 6227 -1328. The salt from a hayrick fir'd of its selfe by heating
816 6199 860 6315 99
1076 6260 2790 6419 -1329. The habit of a Groonlander.
758 6472 3706 6652 226. -1330. His Knapsack into which he putts his fish &c.
1566 6595 1888 6654 vomit
1066 6658 1507 6730 -1331. A to be made of flammula
