4912 7360
1850 4437 4005 4529 They have a fashion to cut holes in the
1820 4575 3999 4660 lips of the Boys when they are young
1808 4730 3939 4804 close to their Chin: which they keep
1814 4855 4112 4929 open wt. little pegs till they are 14 or 15 years
1814 4981 4088 5060 old, then they wear Beards in them, made
1790 5100 3957 5198 of Turtle or Tortoise shell in the form
1796 5213 3975 5335 you see in the Margin) The little notch
1772 5327 4136 5472 at the upper end they put in thro' the Lip
1790 5470 4094 5598 where it remains between the teeth & the Lip
1790 5613 4130 5741 the under part hangs down over their 8.
1796 5739 4029 5872 Chin. This they wear all Day, & when
2620 5751 3032 5813 commonly
1814 5864 4106 5998 they sleep they take it out. Dampiers Voy.
1820 6055 2566 6153 Vol. 1. p. 32.
