4912 7360
972 552 3980 767 -1332. The coat of an Indian from Davies's Straits made
1370 766 3876 967 of Seal Skin. from Mr. Elking. Tis a womans
1568 944 3653 1099 coat. wth a Mask or Cover for ye face of ye same skin.
3653 994 3892 1109 128
972 1092 3912 1381 -1333. A wooden ornament wch. they wear to keep the
1422 1344 3400 1485 sun out of their eyes. Id. vid Instruments.
628 1604 3172 1784 226. -1334. A pair of Childrens shoes Id.
1228 1750 1472 1872 19 x
2692 1803 2799 1858 b.
1784 1845 1857 1895 a
632 1878 3978 2103 245. -1335. A dart with the wood whereby they throw the
1298 2092 3554 2259 same very dextrously at birds or fishes.
3591 2234 3789 2302 X
842 2450 3754 2552 188 -1336. A modell of the rough diamond of Mr. Pitts.
690 2432 842 2547 ✓
1524 2608 3040 2747 given me by Dr. Mortimer.
1920 2879 3144 2978 of the same after the first cutting. Id.
1064 2874 1324 2989 -1337.
741 2930 826 2991 ✓
891 2962 1064 3043 188
1750 3003 1942 3112 Id.
3174 3074 3956 3229 3d. & last cuting. Id.
916 3192 1584 3353 188 -1338. of
769 3241 836 3293 ✓
674 3446 3934 3614 226. -1339. A pair of black silk quilted Stockins or bottines
1092 3616 1300 3729 20 V.
1528 3640 2264 3755 from China.
1500 3931 3850 4073 226. -1340. A pair of Coloured ones from the same.
1112 4038 1328 4139 20.
1568 4048 2056 4150 2 pair.
668 4232 3372 4393 226. -1341. A pair of Mens China shoes. Id.
1054 4359 1170 4441 20 J.
672 4526 3952 4697 226. -1342. A pair of No. 1339. wt. shoes join'd together.
1178 4698 1434 4811 20 V.
1726 4728 1904 4843 Id.
1082 4901 3952 5051 -1343. A beard made of tortoise shell worn on the under
3076 5057 3340 5138 Darien
1592 5121 3832 5241 lipps of the Indians of America given me
1168 5146 1412 5259 161.
856 5212 996 5323 199 e
1682 5345 3838 5420 by Mr. Harris. An upper lip or nose ornamt. in gold.
1162 5356 1314 5475 161.
1330 5429 2302 5496 vid. Wafer p. 113. #
806 5527 3906 5654 28. b -1344. The head of an Indian dart from Carthayener
1082 5710 3894 5881 in America. It is made of the Bezyll or duskish
1426 5888 3362 6011 coloured Chrystall. from Dr. Burnett.
1074 6054 3940 6185 -1345. Round Catechu? made like mustard seed what East Ind
1040 6202 3924 6355 181. p =ians use as we do Juice of liquorish for colds Id.
1048 6434 3948 6605 -1346. Artificiall coffee made of pease flower wt. past made
1432 6620 3694 6753 in a mould like coffee berryes from Mr. Gale
