4912 7360
853 659 3884 1106 -1347. An artificiall ear in ivory sent by Dr. Hoffman to
986 805 1267 994 27 b
691 914 1131 1142 19 a
1355 866 3489 1260 Dr. Plumptree & by hin given to me
3642 1038 3885 1265 189
445 1154 3661 1524 < 226. -1348. A belt made of cane from the East Indies.
1020 1340 1337 1542 29 b
543 1450 3884 1768 245. -1349. A Bow from Malacca. by Mr. Jon Heathcote. wt its
1420 1633 1792 1856 String.
554 1746 3888 2111 245. -1350. Arrowes of small canes wt. iron heads from the same.
576 2024 1217 2265 245. -1351.
1429 1990 3615 2323 poysond to be shott through a Trunk Id.
842 2251 2537 2592 -1352. A Chinese compasse. Id.
2958 2273 3194 2613 X
807 2443 3894 2907 1-1353. A white China cup perforated on the edges from
682 2581 851 2956 23
556 2678 807 2741 249
1368 2747 2268 3090 Mrs. Shepherd.
452 2874 790 3148 199
842 2959 1722 3362 -1354. Idem.
610 3167 3722 3663 216 1. -1355. A piece of a large patera found at Reculver cliffe
580 3250 841 3333 249
1313 3480 3554 3854 whereon are the remains of a dragon embossd.
628 3790 3232 4093 21 -1356. A shallow lipd patera from the same.
605 4009 3906 4338 245. -1357. An odinary red earth patera wt. a flower in the midle
1373 4224 3936 4532 of the inside like a rose & a tubulus on the outside from
1427 4406 3077 4754 lying in the sea. From the same.
567 4593 3822 4896 245. -1358. The same larger wt. a name on the inside & balani on
1505 4796 2879 5077 the outside from the same
2550 4890 3896 5206 wt. an oyster on the outside Id.
511 4958 1235 5234 245. -1359.
566 5178 2961 5517 245 -1360. A red earth patera very perfect Id.
551 5494 731 5676 220
810 5440 2790 5761 -1361. A victoria in brasse found there.
549 5622 780 5892 29
811 5697 2158 5970 -1362. A stile found there.
820 5821 2357 6135 -1383. Another sort of stile? Id
489 6055 688 6182 A.W.F.
777 5969 2998 6316 -1364 The nozzle of a lamp? Id. wt a bulls head. 2.
765 6216 2116 6475 -1365. A Roman key. Id.
776 6288 2395 6634 -1366. Another Roman key. Id.
781 6602 2838 6940 -1367. Pieces of ancient swords. Id.
