4912 7360
3692 795 3844 897 130
560 795 3918 1095 245. -1368. An Indian drum made of a hollowed tree carv'd
1322 1005 3806 1269 the top being brac'd wt. peggs & thongs wt. the
1400 1229 3834 1499 bottom hollow from Virginia by Mr. Clerk.
536 1456 3764 1635 b < 245. -1369. A strum strump made of a round large goard. Id.
656 1677 3416 1909 f 244. -1370. A basket made of canes from the same Id.
872 2007 3852 2179 f < 245. -1371. A Cherekee Indians garter made of the ravelings
1216 2165 3866 2391 19 J. of the cadus they buy of the English from Mrs.
1546 2368 2894 2488 Dering from S. Carolina
802 2452 3922 2712 f 245. < 245. -1372. A pipes made of black stone or marble polish'd by a sort
1700 2653 3892 2895 of large equisetum or shave grasse by the Indians
1896 2831 3206 3090 to wch. is added a small reed. Id.
612 2962 3818 3204 f. 245. -1373. The head of an arrow of chrystall from Virginia
661 3234 840 3361 A.W.F.
1169 3239 1504 3316 28 b
641 3246 690 3296 <
774 3260 931 3373 1853.
1830 3307 2330 3445 Mr. Clerk.
522 3369 3716 3641 -1374. A Chinese figure of a woman in her dresse, in
1250 3650 1469 3716 26.
1870 3676 2154 3787 ivory.
602 3749 3222 4023 f. < 245. -1375. A pair of Chinese scales or ballances.
1270 3941 3150 4223 -1376. The case of a pr. of Chinese Steelyds.
528 4183 1028 4291 f. < 245
1852 4191 2038 4321 white
1254 4185 3874 4453 -1377. An oblong marble for holding painters colours from China
1113 4235 1242 4291 25
3466 4325 3709 4390 S.B
570 4407 1154 4531 f < 245. 24.
554 4397 2704 4699 f. < 245. 24. -1378. The same in black marble?
1332 4657 2360 4859 -1379. A Chinese touchstone.
678 4795 1230 4925 f. < 245. 24.
1834 4745 3030 5015 instruments for the teeth.
1242 4945 1476 5051 -1380. I
634 5025 1258 5142 f. < 245. 21. g.
1184 4996 2922 5260 -1381. A small crucifix cutt in wood.
536 5191 1116 5347 f. < 245. 21. a
1154 5180 3894 5474 -1382. Leaves of palmetto blanchd & prepar'd for making womens
482 5395 976 5545 f. < 245.
1142 5375 3902 5630 20 H hatts & the platt made of it from Bermudas given
1604 5621 2816 5797 me by governor Bennet.
677 5795 3882 6085 245. -1383. Tobacco rolld up in plantain leaves to be smok'd from Malacca
1808 6079 2346 6231 by Mr. Bell.
982 6123 1130 6225 25
634 6191 3508 6421 f. 245. -1384. Beads for prayers from Catalonia made of rock salt.
1064 6419 3922 6629 -1385. A shirt made of gutts & sowed wt. sinews from Davis's straits
1674 6623 2438 6745 from Mr. Elking.
568 6735 2784 6913 f. 245 244 -1386. A girdle made of snipes feet Id.
