4912 7360
816 723 3020 895 -1387. A tobacco pipe from Virginia by Mr. Clerk.
3786 840 3887 896 131
496 867 764 921 245.
828 974 3934 1180 -1388. A piece of the flesh of a swine wch. had discovered the salt
501 1009 637 1080 f.
1216 1185 2292 1311 Springs in Luneburg
872 1461 3876 1701 -1389. Essence de vie of Dr. Varin for wch. see his French bill.
1236 1640 1362 1694 Or
1166 1703 2212 1821 de vie Id.
894 1709 1148 1825 -1390.
744 1785 816 1903 181.
616 1927 3352 2125 199. b -1391. A round ball of Sevll. coloured glasse. Id.
586 2151 2760 2339 -1392. A Mandrake from the same
918 2365 3326 2597 244. -1393. A round padlock in forme of a ring. Id.
1057 2481 1302 2552 19 g.
934 2555 3000 2773 f 245 -1394. A very small ordinary one. Id.
630 2763 3428 2957 244. -1395. Extreamly small nailes. From Mr. Fabre.
914 2949 3752 3173 -1396. An alabaster bottle given me by Mr.
599 3021 807 3088 247.
824 3051 975 3122 25.
918 3181 3738 3425 -1397. An Indian hatchet of Lapis nephriticus Pet.
978 3427 3882 3777 226. -1398. A pair of Muscovite womens shoes from Mr. Wilsons
1176 3561 1236 3675 20 L.
1782 3625 2357 3776 collection
2908 3708 3027 3777 S B.
512 3725 3320 3997 < 226. -1399. A pair of Lawrance matted shoes. Id.
2607 3731 2753 3798 X
898 3849 1135 3904 20 P.
936 3933 3876 4273 226. -1400. One pr. of strange matted slippers. Id. from. Japan X
3636 4019 3755 4080 S. B.
900 4037 1167 4091 20 S.
930 4148 3238 4381 < 226. -1401. Another somewhat different. Id. S. B.
910 4256 1147 4311 20 S.
914 4326 2870 4553 -1402. One Pr. of Turkey slippers. Id.
462 4365 790 4493 < 226.
964 4452 1218 4519 20 T.
442 4549 3362 4793 < 226. -1403. One Pr. Of Senegal Womens slippers. Id.
882 4737 3070 4937 -1404. An Æthiopish leather shield. Id.
550 4775 826 4911 252.
854 4911 3888 5166 -1405. A Japan sheath of dog skin where in are 2 knives a fork
566 5093 664 5179 X
808 5099 3524 5208 an ear instrument &c. Id. a file, pen knife & steel.
3542 5246 3670 5322 X
800 5279 3876 5509 -1406. A Persian? dagger wt. a silver carved sheath &c. Id.
648 5535 3904 5735 -1407. A Muscovite knife wt. a Walrush or Morses tooth haft. Id.
714 5667 2168 5785 25 -1408. The same lesser Id.
740 5793 3556 5983 -1409. A Muscovite knife wt. a wooden handle Id.
555 5933 597 5985 ✓
702 5949 1946 6102 -1410. One lesser. Id.
908 6078 3952 6319 < 266. -1411. An Indians shoe from Virginia wt. Rattles & dy'd porcupines quills
460 6237 2364 6411 -1412. The same what rattles.
510 6387 2368 6528 < 266 -1413. A pump or Irish brogue.
514 6504 1972 6678 < 266 -1414. A Turkish shoe.
510 6612 1754 6766 < 266 -1415. Another-sort.
560 6734 2404 6888 < 266. -1416. One for a girl. 20 J:
