4912 7360
1264 672 3893 988 -1417. A shoe made of Spartum of the Miquelet inhabitants
478 748 828 902 226.
1010 835 1264 895 20 P.
1714 872 2602 1042 of the Pyrenees.
3258 962 3390 1088 X
679 1007 759 1062 ✓
578 1088 870 1214 226.
922 1064 3846 1330 -1418. The same made of hemp. from the same place: X S. B
959 1184 1219 1238 20 P.
480 1268 2172 1468 < 226. -1419. Nuns shoe slash'd.
3758 1339 3876 1464 132
946 1456 1187 1525 20 L.
468 1468 2580 1740 < 226. -1420. Another of Turky leather.
926 1638 1042 1696 20
510 1690 2958 1952 b 245. -1421. A Spanish musicall pipe or instrum.
884 1908 3790 2142 -1422. An East India gally made of cloves given me by Mr.
1338 2087 1698 2218 Lyell.
1698 2070 2074 2201 (ship.)
894 2285 3980 2507 252. -1423. A black ebony Spear from Madagascar. From Dr. Woodwards
1536 2412 2004 2556 collection.
1192 2542 2570 2784 -1424. A Scymeter from the same.
570 2761 3824 3021 245. -1425. A Trumpett usd in Congo in warr, ivory wt. the Lacerta
582 2919 770 3049 b <
3866 2980 3946 3106 la
1384 2948 3968 3159 Squamosa carved on it. Vid. Pig afetta p. 48. Maror
886 3080 2254 3259 -1426. A piece of blew glasse.
688 3204 3550 3437 1427. The haft of a knife made of same sort of glasse.
3550 3188 3966 3285 of Congo
660 3385 3418 3598 1428. Various coloured glasse for the haft of a knife.
906 3568 1674 3741 1429. Another.
712 3589 838 3646 30
888 3688 3462 3928 -1430. A plate of various coloured undulated glasse.
936 3868 3828 4089 -1431. The top of a bottle of glasse wt. red, yellow green & blew streaks
1184 4115 2886 4315 -1432. The cinder or slagg of some metall.
724 4353 2898 4535 1433. The plaister of the Sybills grotto.
966 4509 2989 4647 -1434. Beads of glasse of various colours
2989 4499 3738 4621 Jaspers &c
564 4636 3956 4846 199e -1435. Glasse red at bottom & gold colourd at top for mosaick work
1234 4872 2770 5002 made into the form of a tessella.
918 5095 3928 5281 -1436. Filum ex Hungaria, auersum globulos metallicos
880 5219 1271 5361 216. a 19 g.
1384 5274 3080 5394 fandere. Mr. Chishull. Dr. Woodwd
754 5416 3922 5613 24 -1437. A green soft stone from China used by the painters there
1428 5528 2706 5705 for putting their ink into?
780 5774 2004 5896 -1438. A kind of slagg?
2650 5798 2898 5909 a round
986 5878 3914 6063 1439. A large ivory turnd pillar wt. glasse at top crowded wt. men
1532 6095 1978 6207 deer &c.
1296 6177 2136 6355 -1440. The Same smaller.
790 6240 954 6370 199.
602 6414 2140 6548 27 b 199. -1441. The same smaller.
820 6588 2230 6740 199. -1442. The same smaller.
