4912 7360
847 707 2805 816 -1443. An ivory trunk painted & carved.
692 898 3241 1037 19 L -1444. A Turks head made of seeds. & shells :
3706 910 3873 966 133
864 1084 1110 1149 199. c
829 1113 1593 1216 -1445. Another.
865 1304 3838 1425 -1446. A picture of a bird &c, made of feathers shells &c.
859 1548 1665 1622 -1447. Another.
626 1584 805 1652 19 L
865 1769 3915 1927 -1448. One of the triangular chrystalls for trappings for
1432 1942 3259 2040 horses of a dusky or bezyll colour.
901 1960 1080 2022 188
895 2145 3933 2231 -1449. Glasse made fitt for the handle of a seal wt. flowers inclosed in
1516 2288 3438 2374 it blew , yellow green & purple. Mrs. Smith.
869 2324 1139 2390 216. a
913 2438 3897 2535 -1450. An arrow headed iron with which they take in Ireland
1289 2623 3838 2703 the rasor fishes which lye in the sands spouting
1366 2790 3856 2906 up water, are pickled & eat as other shell fish.
608 3035 3903 3186 245. -1451. A very large stirrup used in the tilts or turnaments by
1360 3214 3092 3294 some of the Knights of the Garter?
668 3333 3909 3461 19 N -1452. The head of a tobacco pipe graved by  Mr. Petiver Gaz. nat.
811 3464 1199 3532 216. a.
1635 3506 3121 3610 74.7. belonged to the King of Carolina.
990 3614 2339 3729 -1453. China ink XIb. 77.4.5.
793 3673 1337 3759 216. a. 24
728 3828 3879 3944 28 b -1454. A small Indian Hatchet graved by  Mr. Petiver. Pt. Am. 2021 from
1420 4031 2268 4123 Mr. Walduck. Pet.
948 4069 1103 4125 185.
579 4079 793 4147 A.W.F.
626 4150 814 4219 1853.
814 4145 3653 4272 -1455. An ancient brasse head from Reculver?  H. 2 1/10
793 4282 1032 4338 216 h.
2757 4282 3157 4332 with loop.
734 4425 1032 4493 216 a
1032 4396 2644 4475 -1456. Cherries in wax work. Pet.
1153 4493 1322 4551 19 f
710 4610 2136 4696 -1457. Gold bruns.  Pet.
567 4772 3688 4893 < 245. -1458. A negro drum from S. Carolina by Mr. Standish.
674 4998 838 5056 30
838 4951 2865 5060 -1459. Glasse hairs of sevll. colours Pet.
802 5014 1125 5115 216 a
770 5166 2853 5281 -1460. part of a blew glasse bottle. Id.
770 5398 3062 5484 -1461. Avanturin or philosophers stone. Id.
752 5536 3575 5681 216. a -1462. Tesselle of blue & green glasse an Mosaic? Id.
799 5780 3814 5872 -1463. Silver spoons of these 12 dosen were in a cherry stone
758 5912 1008 5986 216. a
1522 5924 2387 6009 Capt. Walduck. Id.
805 6025 2704 6141 19. k. -1464. Gold Brumce. Aur. musaic ? Id.
805 6123 1044 6215 216. a
770 6210 2357 6338 19. k. -1465. Starch amylum. Id.
752 6401 2817 6493 -1466. Portugall earthen ware ? Id.
842 6446 1037 6511 216. a
781 6562 3462 6648 -1467. Haft of a knife made of rosin like amber ? Id.
662 6741 3068 6851 -1468. Large white marble beads stain'd red ? Id.
