4912 7360
805 814 3933 977 19 m -1469. A round ball of chalk vitrified on the outside from
859 927 1110 995 216. a
1450 1011 2435 1079 the lime kilns Pet.
3730 1059 3873 1115 134
775 1205 1074 1294 216. h
1074 1178 3862 1300 -1470. A large flint arrow head. Id. Mark'd I.H. 17
1414 1310 3975 1437 the larger one for killing Deer & the lesser for killing
781 1315 1038 1395 20 m
817 1417 2428 1515 216. -1471. A smaller one. Id.
2428 1417 3169 1479 birds & Fish.
1080 1626 3133 1783 -1472. A Chinese sword from Mr. Ranby.
3133 1626 3706 1688 Jap. Sword.
3062 1721 3671 1783 rhinoceros horn handle.
2325 1752 2707 1848 L. 3. 5 1/4
1083 1859 3891 2087 -1473. A pair of stockins dyed red made of the fibres
1080 2157 1372 2219 19 R.
1474 2163 2912 2332 of the aloe Americana.
1144 2402 3933 2621 -1474. The boll of a tobacco pipe of stone wt. a crosse upon it
1641 2593 3456 2774 from Mr. Barrets collection by  Mr. Ranby.
2906 2760 3891 2828 tinn & wire made into
1160 2860 1480 2933 -1475.
1707 2945 2859 3043 sevll compartments Id.
1202 2986 1422 3060 19 f
1175 3166 3121 3276 -1476. Two enamell'd large rings. Id.
1187 3321 1390 3371 20 L.
584 3478 1119 3568 k. 244.
1119 3345 3879 3528 -1477. A roundish ball from the chalk limekills being yt.
1546 3530 2238 3670 vitrified? Id.
1104 3568 1392 3641 30 C
2465 3632 3205 3705 very ponderous
1074 3751 3850 3855 -1478. A rib'd two eard China bottle made of redish earth glaz'd
1307 3912 3748 4028 over wt. green said to be 1000 years old from Dr.
1337 4091 3856 4201 Waldo. Q. an of that sort fish'd up  concerning wch.
1372 4252 3581 4344 vid. the letters edificiantes Id. tome 12. p. 348 .
1098 4455 3002 4559 -1479. A large dish of the same. Id.
1050 4682 3372 4774 -1480. A Jarr & cover of the same , flower'd Id.
584 4909 978 4965 < 216
1044 4921 3891 5007 -1481. An intire beaker of the same wt. two broken pieces. Id.
667 5076 1037 5151 A.W.F. 1853
1037 5064 3796 5168 -1482. A Chinese Tutanege tea pott wt. a baskett to carry it in Id.
770 5195 1152 5251 wt out basket
1454 5243 3879 5383 -1483. An Indian Pagode of. a sort of porphyry wt. an Indian.
1454 5333 3103 5419 Idol. of the Banyans or Agricola
817 5434 975 5490 < 246
716 5440 3080 5602 199. -1484. God in it of silver sett in copper. Id.
495 5679 3891 5795 C < 244. -1485. An Indian fann made of cane some coloured black from
1414 5834 2542 5908 Carolina by Mr. Dering.
477 5906 2835 6057 C < 244. -1486. Another made of rushes. Id.
986 6145 3844 6224 -1487. A bambo cane made into a brush by the Indians from fort St.
919 6246 2274 6362 28. b. George by Dr. Waldo.
1005 6425 2948 6523 -1488. A bracelet of mother of pearl. Id.
1005 6592 2751 6660 -1489. An amulet of petrified wood ? Id.
459 6670 932 6781 < 244.
932 6731 3462 6851 -1490. An Oblong box of redish black wood from E. I. Id.
