4912 7360
787 748 3975 972 -1491. A gourd or calabash made into a bowl painted yellow in the
1343 927 3969 1168 in the inside & of various colours on the outside from America
859 981 1122 1037 238
1402 1089 2220 1168 by Mr. Jones. S. B
3764 1261 3879 1313 135
781 1405 3903 1515 -1492. Entrochi wt. some asterice found & flattend from Yorkshire
1277 1560 3915 1759 from amongst clay. wt. a pechenifes from the same by
1289 1775 2065 1843 Mr. Knowlton.
830 2020 3903 2183 -1492. A plate of the same sort of china ware wt. 1481. S. B.
614 2187 775 2249 ✓ 183
1623 2259 1993 2321 S. B
813 2282 1569 2350 -1493. Another.
1331 2354 1683 2434 or brush
549 2432 3873 2595 -1494. A broom made out of a branch of a willow tree. From
1408 2653 3927 2768 Mr. Ranby. Common in Germany for killing the flies.
525 2879 3927 2989 249 -1495. A brasse figure of the large crane from the bay of Bengale-
999 3040 1114 3097 26
1623 3106 2357 3174 made in China.
543 3249 1671 3335 249. -1496. The same.
978 3367 1090 3422 26
871 3441 3808 3550 -1497. A Brasse figure sitting wt. a roll in his right hand.
567 3524 817 3586 242.
831 3557 935 3617 26
567 3655 3121 3795 242. 26 -1498. The same wt. the roll in his left hand.
913 3900 3879 4064 -1499. The figure of a Lyons mouth open wt. a horn on its-
602 3966 919 4034 A.W.F.
764 4073 1102 4129 1853.
1102 4073 1360 4129 26.
1534 4109 2853 4183 fore head. (Chinese.) H 2 1/8in
895 4318 3903 4440 -1500. Part of a Chinese cabinett wt. drawers made of Bambo &
596 4378 841 4440 244.
993 4461 1197 4520 26.
1360 4527 2142 4601 Chinese figures.
555 4563 937 4631 < 216 b
584 4700 3748 4905 239. -1501. A Malayese Targett from Sumatra. Mr. Maidstone.
453 4992 3312 5144 l. 244. -1502. An Indian sweet water bottle of ivory Id.
787 5184 3742 5353 -1503. The Malayan Bungua or pipe & tobacco made of a
1450 5351 2322 5508 leaf Id.
602 5476 3581 5633 < 226 -1504. A sett of Chinese beads wt. 4 heads cutt on each. Id.
507 5655 841 5723 < 226
579 5673 3903 5813 245. -1505. A walking stick made of the tail of a nurse fish wch. files iron Id.
507 5858 3820 5986 < 245. -1506. A dagger of the Duke of Argyles followers in Scotland. Id.
614 6025 3939 6159 245. -1507. A poysoned or Malayan creese or dagger one wt. a Cullumback
790 6036 879 6088 a
1468 6162 3008 6302 head a metall nearest to gold. Id.
797 6214 895 6276 a
441 6282 2453 6427 b. 245. -1508. A Bengall tabor or drum Id.
698 6479 2101 6577 24 -1509. A Chinese seal. Id.
555 6592 2590 6732 244. ✓ -1510. Their pallet & inkstone Id.
829 6789 2578 6905 -1511. An arrow for a Crosse bow. Id.
