4912 7360
1569 725 2101 816 ivory cylindrical
817 866 1521 948 25 -1512. An
1521 790 3885 916 ring to hinder the hurting of the finger in
587 874 764 1002 A.W.F.
2017 880 3677 966 carv'd & painted wt. a Landskip
638 957 781 1037 1854.
3621 963 3981 1057 # S B.
889 981 3621 1121 209 199. e drawing the bows in China. From Mr. Maidston.
3621 1007 3856 1091 H. 1 2/10.in.
1014 1172 3545 1330 -1513 A Chinese hearth for tea making &c. Id.
3748 1238 3909 1294 136
644 1417 2441 1604 252. -1514. A Chinese bow. Id.
650 1638 2101 1861 245. -1515. Another. Id.
644 1930 4005 2124 245. -1516. A Chinese arrow wt. a hollow blunt head for whistling
1713 2080 2536 2147 in the air. Id.
1008 2253 2978 2338 -1517. An arrow for a cross bow. Id.+
1056 2521 2530 2583 -1518. Another different. Id.
996 2736 2023 2810 -1519. Another. Id.
1038 2760 3700 3001 -1520. A chinese looking glasse of metall in a case. Id. X
764 2969 1271 3079 199. e.
644 2999 3915 3252 -1521. A Chinese figure of an emaciated man on a horse sitting
1132 3036 1367 3093 24 C
2184 3202 2513 3270 H. 6 1/8in.
1092 3261 1546 3347 26 B.
1605 3279 1957 3371 Id. S B.
1345 3285 1541 3354 wood.
614 3423 982 3479 242.
982 3339 3050 3508 -1522. A grotesque figure in ivory. Id.
811 3625 977 3678 27 a
614 3640 974 3711 242.
974 3614 2017 3693 -1523. Another. Id.
608 3846 966 3920 242.
966 3799 2089 3899 -1524. Another. Id.
483 4031 2918 4123 25 -1525. An Indian tobacco pouch ? Id.
465 4270 938 4326 m. 244.
938 4270 3975 4463 -1526. A purse made of cane. Id. painted & course for Ginseng
899 4366 1162 4424 19 W.
447 4455 2047 4547 m. 244. -1527. One finer. Id.
728 4664 2566 4780 -1528. A Chinese copper vessell?
2620 4694 2859 4750 Id.
758 4855 3360 4989 -1529. A Chinese seal in Alabaster or rice Id.
758 5034 3927 5275 -1530. Chinese money made of rings of lead strung on pieces
780 5036 936 5125 209.
978 5172 1187 5228 24
1701 5207 2369 5311 of cane. Id.
543 5375 1013 5460 f. 245.
1013 5398 2990 5574 -1531. W. Indian ornaments of claws of __
941 5480 1113 5545 19 P.
3412 5559 3679 5619 Id.
525 5637 3909 5771 < 245 -1532. An instrument for cleaning the Stomach used by the
1402 5804 2727 5884 Indians of America. Id.
495 5965 2901 6099 24 -1533. perfuming baggs from China. Id.
500 6049 960 6151 f 245.
579 6222 995 6308 < 245
995 6180 2906 6284 -1534. A purse from North America. Id.
734 6359 3957 6487 245 -1535. Ropes to tye prisoners wt. there left by the Kings who came
1480 6550 3014 6642 from America to Q. Anne. Id.
1080 6558 1310 6619 19. J.
692 6735 3903 6887 -1536. A girdle made of Bufalos hair & porcupines quills. Id.
