4912 7360
841 748 3927 894 -1537. A rope made of underground firr wood in Ireland
382 796 764 918 < 238.
919 922 3772 1079 such as I had from  Mr. Southwell ? from Mr. Maidstone.
1014 1053 2262 1133 vide Vegetables no. 2310*
3748 1118 3909 1186 137
865 1220 3933 1383 -1538. A pr. of Turkish boots worn by Ladyes when they ride
393 1286 752 1377 < 226.
877 1393 3850 1634 20. W. on horseback at Constantinople or Smyrna from Mr.
1241 1614 1743 1688 Purnell.
889 1894 3945 2052 -1539. Turkish mests & papooches the ladies wear at Constant
417 1936 799 2028 < 226.
841 2115 1080 2171 20 S.
1140 2151 3694 2344 =inople & Smyrna  when they walk abroad. Id.
841 2199 1086 2291 20 W.
865 2462 3879 2649 -1540. Turkish papooches & Terleaks which ladies wear
429 2557 764 2625 < 226.
865 2665 1235 2750 20 J.
1426 2688 3933 2858 within doors at home at Constantinople & X
1408 2885 2620 2983 Smyrna. Id. S. B
465 3214 3766 3299 f. 244. -1541. A basket made of bark from the Manilla's.
519 3524 3921 3634 f. 245. -1542. An Indian deitie from China. Mr. Maidston
1047 3659 1275 3716 19. f
1032 3769 3802 3902 -1543. Henry the 4th.. of France carv'd on a shell
984 3960 1360 4028 224 b.
1432 3996 2698 4105 in form of a Centaur.
2875 4006 2996 4059 X
644 4187 3724 4434 245. -1544. A Thunderbolt from Bohemia. A wedge or
1892 4372 3474 4578 antient weapon of granite stone.
1152 4479 3981 4690 Vid Montfaucan tom. 4. pag. 30 tom tom. 4. pag. 30 tom
1892 4528 2017 4619 Supplem
2704 4587 3862 4726 of a sort of Lapis ne=
1110 4813 1432 4881 -1545.
507 4825 883 4887 < 245.
1713 4849 2590 4983 phriticus. Id.
525 5094 3915 5323 < 245. -1546. A piece of wood covered wt. red marble wt.
1659 5291 3862 5532 white spotts & veins in forme of a Polonia
1044 5452 1408 5520 27 C.
1725 5524 2954 5705 Sassage. from Germany.
740 5757 3456 5956 252. -1547. A two handed sword from Windsor.
817 5936 3462 6230 252. -1548. A basket hilted sword from the same.
1217 6121 3993 6380 -1549. Tincture of sulphur wt. which one fevet pretended
1504 6342 3915 6541 to cure the gout by taking 70 drops inwardly &
1504 6580 3879 6708 applying a poultesse of allum, elderflowers &
1581 6789 4017 6893 vinegar to the part. It occasiond an inflamation
1563 6927 3999 7036 of the lungs & phthisis in the person who gave it me
