4912 7360
770 760 3915 876 -1550 Drops from Paris pretended ing to cure the gout from
3778 969 3933 1025 138
865 993 1080 1061 181.
1456 1041 2351 1151 Mr. Woolhouse.
907 1202 3927 1431 -1551. Essential oil of cinnamon from Dr. Mausafia
1492 1477 2847 1604 a Portuguese physician.
889 1560 1128 1622 181.
2578 1650 3909 1736 of mace from the same.
931 1769 1229 1831 -1552.
561 1781 799 1861 67 K
2620 1877 3593 1956 of nutmeggs. Id.
889 2044 1253 2112 -1553.
859 2074 3927 2386 -1554. The pieces of a scull wt. 2 horses teeth from digging
877 2205 1056 2273 181.
955 2312 3879 2631 216 L. deep abt. the choir in Westminster abby kept by
978 2432 1265 2512 20 m
1384 2450 3247 2792 Dr. Battely & given me by Mr. Nichols.
513 2635 3945 3103 f.< 245 -1555. The measure of the columne at wch. out Saviour
996 2903 3354 3258 29 a was whip'd from  Mrs. Steigertahl.
674 3184 3957 3592 245 -1556. An earthen vessel of a gray colour wt. furrows
1605 3399 3945 3658 and oblique lines on its surface, very porous
1635 3649 3921 3855 & covered wt. a perforated mouth like a -
1671 3858 3969 4052 Colender by which it is filld wt fair water.
1665 4073 3987 4255 This water ouses throô the pores of the vessel
1569 4252 2596 4380 whose outside & furrows
1623 4282 3969 4517 wt. seeds of sallet herbs they
1677 4473 3915 4708 will grow & be fitt to cutt for eating in
1689 4700 3993 4911 six days as saith Paul Lucas who brought
1719 4927 3987 5138 them from Egypt & gave it to the Duke
1695 5148 4005 5341 of Richmond from whom I had it. When
1695 5339 3969 5598 the pores are choak'd it must be burnt
1719 5595 2901 5795 & serves as before.
770 5852 3957 6159 245. -1556. A tripus of tin on which it is to be plac'd
1719 6067 3909 6290 that the water may be convey'd away by
1713 6353 2357 6463 a rostrum.
787 6574 3712 6690 Severall preparations of Amber greese
787 6712 3677 6863 made by  Mr. Ambrose Godfry Hanckewitz, by
775 6861 2495 6994 order of ye Royall Society.
