4912 7360
570 735 876 846 245
579 766 4070 936 1557. Spiritus phlegmaticus ambra griseæ. (sapit acidi)
1206 940 1332 991 181
567 957 3169 1163 1558. Oleum ejusdem.(instar olei Succini.)
3808 1053 3963 1109 139
2119 1142 3665 1282 rectificatum & Spiritus.
876 1158 1037 1216 181
573 1226 919 1336 1559.
1224 1270 1399 1346 181
573 1333 3987 1527 1560. Balsamus, vel oleum Bituminosum episdem.
1253 1442 1403 1500 181
579 1506 3665 1676 1561. Sal terremus ex eodem. (in aëre liquescens)
865 1662 3909 1807 from these Experiments Mr. Godfry concludes
668 1841 4017 2004 181. yt amber greese is a particular sort of Bitumen
829 2008 4041 2153 differing from amber in this, yt. it yeilds no vola-
841 2175 3963 2303 tile acid Salt; nor it is any animal substance
841 2318 3897 2440 from ye Whale &c. because it yeilds no volatile
847 2473 3891 2613 urinous Salt, nor doth ye carbo of it afford any
829 2623 1510 2691 Phosphorus.
638 2766 3712 2888 1562. Flores sublimati ex eadem. by Mr. Godfry.
662 2915 1032 3019 67 D 181.
668 3076 3862 3174 -1563. Four Indian plates or saucers made of cane the bottoms
662 3291 2435 3401 ✓ 183
644 3441 3915 3640 -1564. A nest of 8 Indian Saucers or plates made of wood
417 3661 3253 3813 < 226. 24 C painted white & blew in frett work.
1074 4020 2453 4111 -1565. A red Japan round box.
430 4091 656 4198 245.
1004 4127 1332 4204 24 C.
433 4154 483 4204 <
710 4228 4005 4356 -1566. A nest of 50 cupps one within another from Nuremberg.
471 4330 859 4446 27 b
746 4455 3993 4559 -1567. A green glasse cup in form of a boat wt. spotts of Venturini
3234 4624 3434 4690 S.B
1372 4646 3193 4744 or philosophers Stone glasse upon it.
537 4831 3969 4953 251. -1568. A bottle of blew whitish & green glasse in clouds wt. spotts of
714 4989 863 5063 30
1092 5040 2089 5126 philosophers stone the same.
531 5136 3933 5251 251. -1569. A glasse cup spotted wt. blew white yellow & purplish spotts.
722 5231 871 5293 30
507 5380 4011 5520 251. -1570. A solid sphere of glasse in which appear flowers of the
728 5524 1868 5687 30 199 b same colours.
716 5792 2871 5908 -1571. A large knife handle of the same.
721 5838 849 5893 30
590 6001 2268 6141 -1572. The same lesser. 4 of them.
567 6139 2244 6296 20 f. -1573. A glasse head for a cane.
791 6206 946 6269 30
573 6306 2841 6475 20 f. -1574. A glasse handle for a knife 2 of them.
549 6485 3121 6666 -1575. The same diamond cutt or squared. 2 of them.
477 6670 716 6772 199 b.
716 6706 4059 6827 -1576. Glasse of sevll colours made in imitation of pretious stones & Intaglios
743 6798 922 6862 30
931 6807 2196 6953 from Mr. Wilds Collections.
543 6873 2202 7054 27 b -1577. A diall made at Dieppe.
