4912 7360
901 748 3975 930 -1578. A very small leadstone wch. takes up a very great weight.
1014 1035 3187 1133 -1579. A long square piece of black glasse.
3790 1041 3945 1097 140
961 1262 2871 1395 <
584 1333 886 1420 216. a
886 1369 1086 1437 30
1026 1483 2560 1598 -1581. A smaller round piece Do.
596 1584 1116 1646 216. a 30
2507 1632 2954 1718 on board
3372 1692 3939 1813 & collected
984 1721 3891 1962 -1582. A catt & a dogg painted so as to be plain by
797 1784 878 1836 <
1468 1912 2901 2088 a metallic cylinder.
614 2103 883 2177 30
972 2115 3611 2332 -1583. A cock & hen after the same manner.
786 2164 847 2216 <
907 2372 2125 2458 -1584. The cylinder.
972 4169 3963 4386 -1589. Bread used in the highlands between Sweden
844 4183 1094 4306 X
1587 4330 4005 4547 & Norway. It is made of pine & firr bark with
1617 4515 3921 4732 mash & a root called quick root sent me by
1068 4575 1432 4637 28 D.
1647 4718 4023 4953 Ericus Benzelius Bp of Gottenburg mentiond
1158 4784 1408 4846 209
1641 4909 3718 5162 by Scheffer in his history of Lapland.
1169 4987 1522 5060 199. e.
1217 5261 4023 5544 -1590. Earthen ware bakd by the sun by the Indians
1766 5452 3927 5645 at la Veracruz in America by Mr.
1820 5685 2495 5801 Houstoun.
1134 5715 1432 5765 216. b.
781 2593 3999 2852 < -1585. A board on which is painted a box of sweet meats
990 2790 3951 2983 -1586. A small iron anchor or grapling which hath lain
1343 2939 3975 3061 at the bottom of the sea or river & hath attracted
1026 3047 1343 3114 199 b a
1414 3088 4005 3210 shells sand & gravell. vid 1279 & Chrystalls 1393.
764 3202 3360 3502 245. -1587. An ancient brasse ladies stirrup.
1360 3458 1910 3580 The model of
1086 3464 3975 3711 -1588. A palankin such as is used in the East Indies
525 3685 996 3777 < 245.
1563 3697 4047 3878 to be carried on mens shoulders for the conveyance
1202 3777 1384 3833 25
1587 3918 4035 4064 of perons of quality given me by Governr. Jennings.
883 5798 3862 6111 245. -1591. Brasse large spurrs found at Windsor.
865 6222 1162 6299 245.
1162 6091 3265 6302 -1592. Japan ink from Mr. Maidstone
859 6383 1264 6451 245.
1264 6294 2530 6463 -1593. Another sort. Id.
853 6556 1254 6620 245
1254 6419 3545 6624 -1594. The boll of a tobacco pipe markd Id.
1337 6646 4023 6833 -1595. One dosen of small & fine files for watch makers viz
638 6837 883 6911 20 N
1689 6837 3963 6923 round, triangular, blong &c from Sheffield by Dr.
1748 6950 2262 7036 Short at 1sh. 6d.
