4912 7360
549 665 3617 804 253. 1596. One dosen of clock files of severall figures & sizes
1152 850 3975 954 as the preceding from  Dr. Short at Sheffield. 1sh 6d.
596 1029 3999 1222 253. -1597. Six sevll. sorts sizes & figures of Carpenters files. 1sh.
931 1280 3927 1431 -1598. Three files, oblong, triangular & hemisphericall
3766 1399 3909 1455 141
590 1405 853 1461 253.
1396 1459 2889 1545 for smiths work.
590 1650 3999 1843 253. -1599. Three files for brasse work. Id 1sh. The same shapes.
990 1853 4029 2088 -1600. Four fine polishing files. 1sh. 6d. long & hemisphericall.
1038 2062 3975 2279 -1601. Six carpenters files , oblong, round, & hemisphericall
465 2163 626 2231 20 N
632 2259 901 2332 253.
1002 2282 3796 2506 -1602. Three files for Holland water leaves. Id. 1sh.
620 2468 931 2529 253.
1026 2473 3820 2726 -1603. A pair of rasps for marble & toy work Id 2sh.
1246 2506 1408 2582 6 or
620 2712 949 2786 253.
996 2802 3372 2953 -1604. One fine fish hook file at 3d. Id.
638 2927 901 2989 253.
638 3041 3778 3162 253 <. -1605. One great rasping file for wood. Id. all -
1277 3190 3933 3371 mark'd wt. N.G. a crosse crowned wt. a flower de
1337 3357 3778 3538 lys. on some Sanson Bayly. in all 57. 14. 0. 9.
1002 3518 3963 3693 -1606. A Turkish pipe made with the boll of Berlin
471 3560 913 3646 C 245.
1444 3709 2859 3783 China ware from Capt -
680 3858 3121 4064 245. -1607. A horses tooth carvd wt. Crocodiles &c.
1008 4008 3915 4284 -1608. The sediment of shuttlewood Spaw vs. out of
692 4115 859 4165 29 b
1635 4276 2841 4404 out of eight pints. Dr. Short.
1068 4479 3951 4583 -1609. Malton Spaw sediment X from three pints of
996 4670 3103 4756 181. &c water taken up & exhaled. Id.
1032 4915 4023 5007 -1610. The sediment of Filah water Eÿ in a gallon Id.
1032 5130 3951 5228 -1611. The sediment of five pints of Scarburgh water.
1044 5333 3981 5419 -1612. The sediment of a pint & an halfe of Harrogate sulphur
1522 5470 2065 5604 well. Id.
686 5601 3945 5759 245. -1613. A piece of foyle of tin & mercury such as is used
1402 5774 3903 5932 by looking glasse makers which being laid upon
1426 5942 3981 6111 any medall it will cover & rubd hard wt. the fingers
1456 6103 3939 6308 it will take the impression so well that one may
1492 6252 3987 6451 cast in it or it may be putt up as a pretty good cast
3680 6394 3932 6450 Amalgama?
1510 6479 3581 6577 in metall of the medall. Mr. Bradley.
704 6658 3229 6762 245. -1614. A mercuriall Poyse for water.
1098 6897 3724 6988 -1615. The sediment of Buckby waters? Dr. Short.
835 6915 1020 6971 181
