4912 7360
1062 748 3999 918 -1616. A machine from China of Steel used for shaving roots
1486 957 4023 1121 & druggs brought wt. the samples of druggs from
1008 1083 1283 1151 83. e
1510 1154 3885 1264 thence by Mr. Talbot & given to me by Mr.
3772 1345 3921 1395 142
1522 1381 2148 1437 Barrow.
1122 1632 3957 1771 -1617. The modell of a boat used in Davis's straits or
1623 1799 2883 1885 Groenland by the natives.
1032 1984 3384 2135 -1618. Their coat made of Seals skins.
1050 2223 3086 2338 -1619. Their sword made of bones.
590 2259 889 2327 226.
1050 2444 4017 2649 -1620. Their knife made wt. an iron semicircular point
602 2468 955 2541 226.
1647 2593 2477 2691 the rest bone.
728 2748 3038 2923 252. -1621. A fishing dart or Javeline.
1032 2993 3939 3240 -1622. A tobacco pouch from North America of -
764 3100 978 3174 19 x
1414 3172 3677 3467 deerskin & porcupin quill ornaments.
1002 3178 1331 3234 245.
620 3351 3939 3682 226. -1623. A noose made of cane splitt for catching game
1038 3488 1366 3544 19. O
1402 3536 3026 3741 or hanging runaway negro's
489 3805 3975 4034 < 245. X -1624. A very large tobacco pipe used in Guinea given
1510 3990 2560 4093 me by  Dr. Clifton.
716 4222 3205 4338 252. X -1625. A mace given me by the same.
656 4467 3169 4565 216. f. 3 -1626. A Brasse George from Windsor.
793 4670 3915 4810 25. -1627. A Brasse bracelet sett wt. mother of pearl worn
1653 4873 3969 4947 by the Blacks in Guinea & made in London
1071 4991 1401 5065 216 a.
1032 5076 1462 5156 199. e.
1629 5112 2178 5180 that trade.
686 5261 3903 5466 -1628. A garter of Elks horn for curing the cramp?
1092 5554 3951 5675 -1629. he evaporated salt from waters 5 or 6 ounces
1110 5739 1402 5801 19 m
1551 5751 3939 5860 wch. hath earth enough to ferment wt. acids Mr.
817 5858 1163 5926 216 a.
1593 5942 2041 6015 Godfrey.
710 5977 3981 6212 245 -1630. A deep Guinea cap made of rushes or cakes dyed
1480 6306 1862 6368 & black.
781 6419 3987 6541 < 245 -1631. A Chinese silk girdle wt. a piece of horn coloured like
1492 6598 3999 6714 a Cornelian  sett in carved mother of pearl in a met
1038 6648 1142 6702 24
1110 6694 1349 6750 244
1432 6765 4029 6869 =all like gold wt. a ring of the same to wch. is fastened a
1528 6938 4017 7060 silk purse of a purple colour  wt. another differing
