4912 7360
1068 1674 3999 1777 Vppon Evaporation, it first lets fall
781 1918 4011 2010 a few grains of a red Earth, like that in
817 2121 2322 2189 Chalybeate Waters.
1050 2324 4011 2428 Afterward a very white , Light Earth
1044 2533 3903 2619 of this Earth there is about a
746 2730 3802 2822 Drachm & Two Scruples in a Gallon
764 2897 1904 2959 of ye Water.
1002 3082 3909 3162 In this Earth is conteined a small
787 3267 3963 3347 quantity of Salt of a toxiciall Tast.
972 3452 3868 3538 And ye Earth beeing put into fair
746 3632 3294 3711 water, makes it a kind of Lie.
978 3828 3659 3902 Spirit of Nitre poured upon this
758 4025 3963 4105 Earth, causeth a vehement effervescence
996 4222 3951 4302 And so likewise after ye salt is ex
740 4372 2035 4458 tracted out of it.
1253 4634 3999 4708 The salt cannot well be exhi-
764 4819 3844 4893 bited in its own forma without a
787 4992 3247 5078 Gallon or two of ye Water.
