<?xml version="1.0" encoding="UTF-8" standalone="yes"?>
<PcGts xmlns="http://schema.primaresearch.org/PAGE/gts/pagecontent/2013-07-15" xmlns:xsi="http://www.w3.org/2001/XMLSchema-instance" xsi:schemaLocation="http://schema.primaresearch.org/PAGE/gts/pagecontent/2013-07-15 http://schema.primaresearch.org/PAGE/gts/pagecontent/2013-07-15/pagecontent.xsd">
    <Metadata>
        <Creator>Transkribus</Creator>
        <Created>2023-03-11T16:13:06.650Z</Created>
        <LastChange>2023-04-06T16:23:18.457+02:00</LastChange>
        <TranskribusMetadata docId="1360439" pageId="53217689" pageNr="185" tsid="118170527" status="GT" userId="10603" imgUrl="https://files.transkribus.eu/Get?id=BMSOAGGGFDKOQQPWWHNMFKYV&amp;fileType=view" xmlUrl="https://files.transkribus.eu/Get?id=QXRZFEKPTQWALCAQJKKDYFFA" imageId="43210720"/>
    </Metadata>
    <Page imageFilename="0185_EPF108491142av.tif" imageWidth="4912" imageHeight="7360">
        <ReadingOrder>
            <OrderedGroup id="ro_1717685699138" caption="Regions reading order">
                <RegionRefIndexed index="0" regionRef="tr_1"/>
                <RegionRefIndexed index="1" regionRef="tr_2"/>
            </OrderedGroup>
        </ReadingOrder>
        <TextRegion id="tr_1" custom="readingOrder {index:0;}">
            <Coords points="435,749 4799,749 4799,2696 435,2696"/>
            <TextLine id="tr_1_tl_2" custom="readingOrder {index:0;}">
                <Coords points="2071,1256 2119,1250 2208,1256 2298,1250 2387,1250 2477,1244 2566,1238 2656,1238 2656,1288 2566,1288 2477,1294 2387,1300 2298,1300 2208,1306 2119,1300 2071,1306"/>
                <Baseline points="2071,1301 2119,1295 2208,1301 2298,1295 2387,1295 2477,1289 2566,1283 2656,1283"/>
                <TextEquiv>
                    <Unicode>1635. &amp; 1636.</Unicode>
                </TextEquiv>
            </TextLine>
            <TextLine id="tr_1_tl_3" custom="readingOrder {index:1;}">
                <Coords points="1360,1369 1372,1375 1462,1369 1551,1363 1641,1363 1731,1357 1820,1351 1910,1345 1999,1345 2089,1345 2178,1339 2268,1333 2357,1327 2447,1321 2536,1321 2626,1321 2715,1315 2805,1304 2895,1310 2984,1304 3074,1304 3163,1298 3253,1298 3342,1292 3432,1292 3521,1280 3521,1330 3432,1342 3342,1342 3253,1348 3163,1348 3074,1354 2984,1354 2895,1360 2805,1354 2715,1365 2626,1371 2536,1371 2447,1371 2357,1377 2268,1383 2178,1389 2089,1395 1999,1395 1910,1395 1820,1401 1731,1407 1641,1413 1551,1413 1462,1419 1372,1425 1360,1419"/>
                <Baseline points="1360,1414 1372,1420 1462,1414 1551,1408 1641,1408 1731,1402 1820,1396 1910,1390 1999,1390 2089,1390 2178,1384 2268,1378 2357,1372 2447,1366 2536,1366 2626,1366 2715,1360 2805,1349 2895,1355 2984,1349 3074,1349 3163,1343 3253,1343 3342,1337 3432,1337 3521,1325"/>
                <TextEquiv>
                    <Unicode>Experiments made with the</Unicode>
                </TextEquiv>
            </TextLine>
            <TextLine id="tr_1_tl_4" custom="readingOrder {index:2;}">
                <Coords points="1098,1554 1187,1554 1277,1554 1366,1542 1456,1542 1546,1536 1635,1536 1725,1524 1814,1518 1904,1518 1993,1506 2083,1501 2172,1501 2262,1495 2351,1495 2441,1489 2530,1489 2620,1483 2710,1483 2799,1477 2889,1477 2978,1477 3068,1471 3157,1465 3247,1459 3336,1459 3426,1459 3515,1459 3605,1453 3694,1459 3784,1465 3873,1465 3963,1465 3963,1515 3873,1515 3784,1515 3694,1509 3605,1503 3515,1509 3426,1509 3336,1509 3247,1509 3157,1515 3068,1521 2978,1527 2889,1527 2799,1527 2710,1533 2620,1533 2530,1539 2441,1539 2351,1545 2262,1545 2172,1551 2083,1551 1993,1556 1904,1568 1814,1568 1725,1574 1635,1586 1546,1586 1456,1592 1366,1592 1277,1604 1187,1604 1098,1604"/>
                <Baseline points="1098,1599 1187,1599 1277,1599 1366,1587 1456,1587 1546,1581 1635,1581 1725,1569 1814,1563 1904,1563 1993,1551 2083,1546 2172,1546 2262,1540 2351,1540 2441,1534 2530,1534 2620,1528 2710,1528 2799,1522 2889,1522 2978,1522 3068,1516 3157,1510 3247,1504 3336,1504 3426,1504 3515,1504 3605,1498 3694,1504 3784,1510 3873,1510 3963,1510"/>
                <TextEquiv>
                    <Unicode>German Water sent me by his Grace</Unicode>
                </TextEquiv>
            </TextLine>
            <TextLine id="tr_1_tl_5" custom="readingOrder {index:3;}">
                <Coords points="1116,1727 1187,1721 1277,1721 1366,1715 1456,1721 1546,1709 1635,1709 1725,1703 1814,1703 1904,1692 1993,1680 2083,1674 2172,1674 2262,1674 2351,1674 2441,1668 2530,1668 2620,1662 2710,1656 2799,1656 2889,1656 2978,1644 3068,1632 3068,1682 2978,1694 2889,1706 2799,1706 2710,1706 2620,1712 2530,1718 2441,1718 2351,1724 2262,1724 2172,1724 2083,1724 1993,1730 1904,1742 1814,1753 1725,1753 1635,1759 1546,1759 1456,1771 1366,1765 1277,1771 1187,1771 1116,1777"/>
                <Baseline points="1116,1772 1187,1766 1277,1766 1366,1760 1456,1766 1546,1754 1635,1754 1725,1748 1814,1748 1904,1737 1993,1725 2083,1719 2172,1719 2262,1719 2351,1719 2441,1713 2530,1713 2620,1707 2710,1701 2799,1701 2889,1701 2978,1689 3068,1677"/>
                <TextEquiv>
                    <Unicode>the Duke of Newcastle.</Unicode>
                </TextEquiv>
            </TextLine>
            <TextLine id="tr_1_tl_7" custom="readingOrder {index:4;}">
                <Coords points="1259,2103 1319,2103 1408,2115 1498,2121 1587,2127 1677,2127 1766,2115 1856,2109 1945,2109 2035,2097 2125,2091 2214,2091 2304,2085 2393,2080 2483,2080 2572,2074 2662,2074 2751,2074 2841,2068 2930,2068 3020,2068 3109,2068 3199,2062 3289,2056 3378,2062 3468,2062 3557,2056 3647,2056 3736,2056 3826,2062 3915,2068 4005,2062 4005,2112 3915,2118 3826,2112 3736,2106 3647,2106 3557,2106 3468,2112 3378,2112 3289,2106 3199,2112 3109,2118 3020,2118 2930,2118 2841,2118 2751,2124 2662,2124 2572,2124 2483,2130 2393,2130 2304,2135 2214,2141 2125,2141 2035,2147 1945,2159 1856,2159 1766,2165 1677,2177 1587,2177 1498,2171 1408,2165 1319,2153 1259,2153"/>
                <Baseline points="1259,2148 1319,2148 1408,2160 1498,2166 1587,2172 1677,2172 1766,2160 1856,2154 1945,2154 2035,2142 2125,2136 2214,2136 2304,2130 2393,2125 2483,2125 2572,2119 2662,2119 2751,2119 2841,2113 2930,2113 3020,2113 3109,2113 3199,2107 3289,2101 3378,2107 3468,2107 3557,2101 3647,2101 3736,2101 3826,2107 3915,2113 4005,2107"/>
                <TextEquiv>
                    <Unicode>It alters not with Spirit of Harts</Unicode>
                </TextEquiv>
            </TextLine>
            <TextLine id="tr_1_tl_8" custom="readingOrder {index:5;}">
                <Coords points="972,2282 1044,2282 1134,2288 1223,2288 1313,2288 1402,2288 1492,2294 1581,2300 1671,2300 1760,2294 1850,2288 1939,2282 2029,2277 2119,2277 2208,2271 2298,2265 2387,2265 2477,2265 2566,2259 2656,2259 2745,2259 2835,2253 2924,2253 3014,2253 3103,2253 3193,2253 3283,2247 3372,2247 3462,2247 3551,2241 3641,2235 3730,2235 3820,2229 3909,2235 3999,2223 3999,2273 3909,2285 3820,2279 3730,2285 3641,2285 3551,2291 3462,2297 3372,2297 3283,2297 3193,2303 3103,2303 3014,2303 2924,2303 2835,2303 2745,2309 2656,2309 2566,2309 2477,2315 2387,2315 2298,2315 2208,2321 2119,2327 2029,2327 1939,2332 1850,2338 1760,2344 1671,2350 1581,2350 1492,2344 1402,2338 1313,2338 1223,2338 1134,2338 1044,2332 972,2332"/>
                <Baseline points="972,2327 1044,2327 1134,2333 1223,2333 1313,2333 1402,2333 1492,2339 1581,2345 1671,2345 1760,2339 1850,2333 1939,2327 2029,2322 2119,2322 2208,2316 2298,2310 2387,2310 2477,2310 2566,2304 2656,2304 2745,2304 2835,2298 2924,2298 3014,2298 3103,2298 3193,2298 3283,2292 3372,2292 3462,2292 3551,2286 3641,2280 3730,2280 3820,2274 3909,2280 3999,2268"/>
                <TextEquiv>
                    <Unicode>Horne. Nor I suppose with any Vrinous</Unicode>
                </TextEquiv>
            </TextLine>
            <TextLine id="tr_1_tl_9" custom="readingOrder {index:6;}">
                <Coords points="955,2491 1032,2473 1122,2468 1211,2462 1301,2456 1390,2450 1480,2438 1480,2488 1390,2500 1301,2506 1211,2512 1122,2518 1032,2523 955,2541"/>
                <Baseline points="955,2536 1032,2518 1122,2513 1211,2507 1301,2501 1390,2495 1480,2483"/>
                <TextEquiv>
                    <Unicode>Spirit.</Unicode>
                </TextEquiv>
            </TextLine>
            <TextLine id="tr_1_tl_10" custom="readingOrder {index:7;}">
                <Coords points="1199,2641 1247,2635 1337,2629 1426,2623 1516,2611 1605,2605 1695,2605 1784,2605 1874,2599 1963,2593 2053,2587 2142,2581 2232,2575 2322,2569 2411,2557 2501,2563 2590,2557 2680,2551 2769,2551 2859,2545 2948,2539 3038,2539 3127,2533 3217,2533 3306,2527 3396,2527 3486,2521 3575,2515 3665,2509 3754,2509 3844,2503 3933,2497 4023,2485 4023,2535 3933,2547 3844,2553 3754,2559 3665,2559 3575,2565 3486,2571 3396,2577 3306,2577 3217,2583 3127,2583 3038,2589 2948,2589 2859,2595 2769,2601 2680,2601 2590,2607 2501,2613 2411,2607 2322,2619 2232,2625 2142,2631 2053,2637 1963,2643 1874,2649 1784,2655 1695,2655 1605,2655 1516,2661 1426,2673 1337,2679 1247,2685 1199,2691"/>
                <Baseline points="1199,2686 1247,2680 1337,2674 1426,2668 1516,2656 1605,2650 1695,2650 1784,2650 1874,2644 1963,2638 2053,2632 2142,2626 2232,2620 2322,2614 2411,2602 2501,2608 2590,2602 2680,2596 2769,2596 2859,2590 2948,2584 3038,2584 3127,2578 3217,2578 3306,2572 3396,2572 3486,2566 3575,2560 3665,2554 3754,2554 3844,2548 3933,2542 4023,2530"/>
                <TextEquiv>
                    <Unicode>An Infusion of Quick Lime, poured</Unicode>
                </TextEquiv>
            </TextLine>
            <TextEquiv>
                <Unicode>1635. &amp; 1636.&#13;
Experiments made with the&#13;
German Water sent me by his Grace&#13;
the Duke of Newcastle.&#13;
It alters not with Spirit of Harts&#13;
Horne. Nor I suppose with any Vrinous&#13;
Spirit.&#13;
An Infusion of Quick Lime, poured</Unicode>
            </TextEquiv>
        </TextRegion>
        <TextRegion id="tr_2" custom="readingOrder {index:1;}">
            <Coords points="113,2677 4094,2677 4094,5000 113,5000"/>
            <TextLine id="tr_2_tl_1" custom="readingOrder {index:0;}">
                <Coords points="937,2808 1026,2802 1116,2802 1205,2802 1295,2796 1384,2796 1474,2796 1563,2796 1653,2796 1743,2790 1832,2784 1922,2784 2011,2778 2101,2772 2190,2772 2280,2766 2369,2760 2459,2754 2548,2742 2638,2736 2727,2736 2817,2736 2906,2736 2996,2724 3086,2724 3175,2718 3265,2718 3354,2712 3444,2712 3533,2712 3623,2706 3712,2706 3802,2700 3891,2700 3981,2694 4070,2682 4070,2732 3981,2744 3891,2750 3802,2750 3712,2756 3623,2756 3533,2762 3444,2762 3354,2762 3265,2768 3175,2768 3086,2774 2996,2774 2906,2786 2817,2786 2727,2786 2638,2786 2548,2792 2459,2804 2369,2810 2280,2816 2190,2822 2101,2822 2011,2828 1922,2834 1832,2834 1743,2840 1653,2846 1563,2846 1474,2846 1384,2846 1295,2846 1205,2852 1116,2852 1026,2852 937,2858"/>
                <Baseline points="937,2853 1026,2847 1116,2847 1205,2847 1295,2841 1384,2841 1474,2841 1563,2841 1653,2841 1743,2835 1832,2829 1922,2829 2011,2823 2101,2817 2190,2817 2280,2811 2369,2805 2459,2799 2548,2787 2638,2781 2727,2781 2817,2781 2906,2781 2996,2769 3086,2769 3175,2763 3265,2763 3354,2757 3444,2757 3533,2757 3623,2751 3712,2751 3802,2745 3891,2745 3981,2739 4070,2727"/>
                <TextEquiv>
                    <Unicode>on it, produceth a White cloud, which va</Unicode>
                </TextEquiv>
            </TextLine>
            <TextLine id="tr_2_tl_2" custom="readingOrder {index:1;}">
                <Coords points="955,2975 990,2975 1080,2975 1169,2969 1259,2975 1349,2969 1438,2969 1528,2963 1617,2963 1707,2963 1796,2957 1886,2951 1975,2951 2065,2945 2154,2945 2244,2939 2333,2933 2423,2921 2513,2915 2602,2909 2692,2909 2781,2909 2871,2897 2960,2891 2960,2941 2871,2947 2781,2959 2692,2959 2602,2959 2513,2965 2423,2971 2333,2983 2244,2989 2154,2995 2065,2995 1975,3001 1886,3001 1796,3007 1707,3013 1617,3013 1528,3013 1438,3019 1349,3019 1259,3025 1169,3019 1080,3025 990,3025 955,3025"/>
                <Baseline points="955,3020 990,3020 1080,3020 1169,3014 1259,3020 1349,3014 1438,3014 1528,3008 1617,3008 1707,3008 1796,3002 1886,2996 1975,2996 2065,2990 2154,2990 2244,2984 2333,2978 2423,2966 2513,2960 2602,2954 2692,2954 2781,2954 2871,2942 2960,2936"/>
                <TextEquiv>
                    <Unicode>nish after a short time.</Unicode>
                </TextEquiv>
            </TextLine>
            <TextLine id="tr_2_tl_3" custom="readingOrder {index:2;}">
                <Coords points="1169,3160 1217,3166 1307,3160 1396,3154 1486,3148 1575,3148 1665,3154 1754,3148 1844,3136 1934,3130 2023,3124 2113,3124 2202,3118 2292,3124 2381,3118 2471,3112 2560,3112 2650,3106 2739,3106 2829,3106 2918,3100 3008,3094 3098,3088 3187,3088 3277,3082 3366,3070 3456,3064 3545,3058 3635,3058 3724,3058 3814,3058 3903,3053 3993,3047 3993,3097 3903,3103 3814,3108 3724,3108 3635,3108 3545,3108 3456,3114 3366,3120 3277,3132 3187,3138 3098,3138 3008,3144 2918,3150 2829,3156 2739,3156 2650,3156 2560,3162 2471,3162 2381,3168 2292,3174 2202,3168 2113,3174 2023,3174 1934,3180 1844,3186 1754,3198 1665,3204 1575,3198 1486,3198 1396,3204 1307,3210 1217,3216 1169,3210"/>
                <Baseline points="1169,3205 1217,3211 1307,3205 1396,3199 1486,3193 1575,3193 1665,3199 1754,3193 1844,3181 1934,3175 2023,3169 2113,3169 2202,3163 2292,3169 2381,3163 2471,3157 2560,3157 2650,3151 2739,3151 2829,3151 2918,3145 3008,3139 3098,3133 3187,3133 3277,3127 3366,3115 3456,3109 3545,3103 3635,3103 3724,3103 3814,3103 3903,3098 3993,3092"/>
                <TextEquiv>
                    <Unicode>Spirit of Nitre produceth a white</Unicode>
                </TextEquiv>
            </TextLine>
            <TextLine id="tr_2_tl_4" custom="readingOrder {index:3;}">
                <Coords points="967,3357 978,3351 1068,3351 1158,3345 1247,3345 1337,3339 1426,3339 1516,3333 1605,3327 1695,3327 1784,3321 1874,3315 1963,3315 2053,3309 2142,3309 2232,3303 2322,3297 2411,3291 2501,3291 2590,3291 2680,3291 2769,3291 2859,3285 2948,3285 3038,3279 3127,3273 3217,3267 3306,3261 3396,3255 3486,3249 3575,3244 3665,3238 3754,3232 3844,3226 3933,3220 4023,3208 4023,3258 3933,3270 3844,3276 3754,3282 3665,3288 3575,3294 3486,3299 3396,3305 3306,3311 3217,3317 3127,3323 3038,3329 2948,3335 2859,3335 2769,3341 2680,3341 2590,3341 2501,3341 2411,3341 2322,3347 2232,3353 2142,3359 2053,3359 1963,3365 1874,3365 1784,3371 1695,3377 1605,3377 1516,3383 1426,3389 1337,3389 1247,3395 1158,3395 1068,3401 978,3401 967,3407"/>
                <Baseline points="967,3402 978,3396 1068,3396 1158,3390 1247,3390 1337,3384 1426,3384 1516,3378 1605,3372 1695,3372 1784,3366 1874,3360 1963,3360 2053,3354 2142,3354 2232,3348 2322,3342 2411,3336 2501,3336 2590,3336 2680,3336 2769,3336 2859,3330 2948,3330 3038,3324 3127,3318 3217,3312 3306,3306 3396,3300 3486,3294 3575,3289 3665,3283 3754,3277 3844,3271 3933,3265 4023,3253"/>
                <TextEquiv>
                    <Unicode>cloud which setleth to the bottome of</Unicode>
                </TextEquiv>
            </TextLine>
            <TextLine id="tr_2_tl_5" custom="readingOrder {index:4;}">
                <Coords points="972,3524 1056,3524 1146,3518 1235,3518 1325,3512 1414,3506 1504,3506 1593,3500 1683,3494 1772,3494 1862,3488 1951,3488 2041,3488 2130,3488 2220,3488 2310,3482 2399,3476 2489,3470 2578,3470 2668,3464 2757,3458 2847,3458 2936,3458 3026,3452 3115,3446 3205,3441 3294,3435 3384,3429 3474,3423 3563,3417 3653,3411 3742,3405 3832,3399 3921,3399 4011,3381 4011,3431 3921,3449 3832,3449 3742,3455 3653,3461 3563,3467 3474,3473 3384,3479 3294,3485 3205,3491 3115,3496 3026,3502 2936,3508 2847,3508 2757,3508 2668,3514 2578,3520 2489,3520 2399,3526 2310,3532 2220,3538 2130,3538 2041,3538 1951,3538 1862,3538 1772,3544 1683,3544 1593,3550 1504,3556 1414,3556 1325,3562 1235,3568 1146,3568 1056,3574 972,3574"/>
                <Baseline points="972,3569 1056,3569 1146,3563 1235,3563 1325,3557 1414,3551 1504,3551 1593,3545 1683,3539 1772,3539 1862,3533 1951,3533 2041,3533 2130,3533 2220,3533 2310,3527 2399,3521 2489,3515 2578,3515 2668,3509 2757,3503 2847,3503 2936,3503 3026,3497 3115,3491 3205,3486 3294,3480 3384,3474 3474,3468 3563,3462 3653,3456 3742,3450 3832,3444 3921,3444 4011,3426"/>
                <TextEquiv>
                    <Unicode>the Water, yet so as to be perma-</Unicode>
                </TextEquiv>
            </TextLine>
            <TextLine id="tr_2_tl_6" custom="readingOrder {index:5;}">
                <Coords points="978,3685 1014,3685 1104,3685 1193,3679 1283,3679 1372,3673 1462,3673 1551,3673 1641,3667 1731,3667 1820,3667 1910,3661 1999,3661 2089,3667 2178,3661 2268,3655 2357,3655 2447,3655 2536,3655 2626,3649 2715,3643 2805,3637 2895,3637 2984,3637 3074,3632 3163,3626 3253,3620 3342,3614 3432,3614 3521,3602 3611,3596 3611,3646 3521,3652 3432,3664 3342,3664 3253,3670 3163,3676 3074,3682 2984,3687 2895,3687 2805,3687 2715,3693 2626,3699 2536,3705 2447,3705 2357,3705 2268,3705 2178,3711 2089,3717 1999,3711 1910,3711 1820,3717 1731,3717 1641,3717 1551,3723 1462,3723 1372,3723 1283,3729 1193,3729 1104,3735 1014,3735 978,3735"/>
                <Baseline points="978,3730 1014,3730 1104,3730 1193,3724 1283,3724 1372,3718 1462,3718 1551,3718 1641,3712 1731,3712 1820,3712 1910,3706 1999,3706 2089,3712 2178,3706 2268,3700 2357,3700 2447,3700 2536,3700 2626,3694 2715,3688 2805,3682 2895,3682 2984,3682 3074,3677 3163,3671 3253,3665 3342,3659 3432,3659 3521,3647 3611,3641"/>
                <TextEquiv>
                    <Unicode>nent in ye manner of a Cloud.</Unicode>
                </TextEquiv>
            </TextLine>
            <TextLine id="tr_2_tl_7" custom="readingOrder {index:6;}">
                <Coords points="1193,3858 1199,3864 1289,3870 1378,3876 1468,3870 1557,3870 1647,3864 1737,3858 1826,3858 1916,3852 2005,3852 2095,3852 2184,3846 2274,3846 2363,3840 2453,3840 2542,3840 2632,3840 2721,3828 2811,3828 2901,3823 2990,3817 3080,3811 3169,3811 3259,3799 3348,3793 3438,3793 3527,3787 3617,3781 3706,3781 3796,3775 3885,3769 3975,3769 4065,3751 4065,3801 3975,3819 3885,3819 3796,3825 3706,3831 3617,3831 3527,3837 3438,3843 3348,3843 3259,3849 3169,3861 3080,3861 2990,3867 2901,3873 2811,3878 2721,3878 2632,3890 2542,3890 2453,3890 2363,3890 2274,3896 2184,3896 2095,3902 2005,3902 1916,3902 1826,3908 1737,3908 1647,3914 1557,3920 1468,3920 1378,3926 1289,3920 1199,3914 1193,3908"/>
                <Baseline points="1193,3903 1199,3909 1289,3915 1378,3921 1468,3915 1557,3915 1647,3909 1737,3903 1826,3903 1916,3897 2005,3897 2095,3897 2184,3891 2274,3891 2363,3885 2453,3885 2542,3885 2632,3885 2721,3873 2811,3873 2901,3868 2990,3862 3080,3856 3169,3856 3259,3844 3348,3838 3438,3838 3527,3832 3617,3826 3706,3826 3796,3820 3885,3814 3975,3814 4065,3796"/>
                <TextEquiv>
                    <Unicode>The powder of a Deyers Gall, makes</Unicode>
                </TextEquiv>
            </TextLine>
            <TextLine id="tr_2_tl_8" custom="readingOrder {index:7;}">
                <Coords points="967,4043 1002,4049 1092,4049 1181,4049 1271,4049 1360,4043 1450,4049 1540,4043 1629,4043 1719,4037 1808,4031 1898,4025 1987,4025 2077,4025 2166,4025 2256,4025 2345,4025 2435,4025 2524,4020 2614,4014 2704,4014 2793,4014 2883,4008 2972,4008 3062,4002 3151,3990 3241,3990 3330,3984 3420,3978 3509,3978 3599,3972 3688,3966 3778,3960 3868,3954 3957,3942 4047,3930 4047,3980 3957,3992 3868,4004 3778,4010 3688,4016 3599,4022 3509,4028 3420,4028 3330,4034 3241,4040 3151,4040 3062,4052 2972,4058 2883,4058 2793,4064 2704,4064 2614,4064 2524,4070 2435,4075 2345,4075 2256,4075 2166,4075 2077,4075 1987,4075 1898,4075 1808,4081 1719,4087 1629,4093 1540,4093 1450,4099 1360,4093 1271,4099 1181,4099 1092,4099 1002,4099 967,4093"/>
                <Baseline points="967,4088 1002,4094 1092,4094 1181,4094 1271,4094 1360,4088 1450,4094 1540,4088 1629,4088 1719,4082 1808,4076 1898,4070 1987,4070 2077,4070 2166,4070 2256,4070 2345,4070 2435,4070 2524,4065 2614,4059 2704,4059 2793,4059 2883,4053 2972,4053 3062,4047 3151,4035 3241,4035 3330,4029 3420,4023 3509,4023 3599,4017 3688,4011 3778,4005 3868,3999 3957,3987 4047,3975"/>
                <TextEquiv>
                    <Unicode>it opacous &amp; white , like milk or milk</Unicode>
                </TextEquiv>
            </TextLine>
            <TextLine id="tr_2_tl_10" custom="readingOrder {index:8;}">
                <Coords points="984,4234 1056,4228 1146,4211 1235,4205 1325,4187 1325,4237 1235,4255 1146,4261 1056,4278 984,4284"/>
                <Baseline points="984,4279 1056,4273 1146,4256 1235,4250 1325,4232"/>
                <TextEquiv>
                    <Unicode>Tea.</Unicode>
                </TextEquiv>
            </TextLine>
            <TextLine id="tr_2_tl_11" custom="readingOrder {index:9;}">
                <Coords points="1235,4348 1271,4360 1360,4354 1450,4360 1540,4360 1629,4354 1719,4354 1808,4354 1898,4354 1987,4348 2077,4342 2166,4348 2256,4348 2345,4342 2435,4348 2524,4342 2614,4336 2704,4330 2793,4330 2883,4330 2972,4330 3062,4324 3151,4324 3241,4318 3330,4318 3420,4312 3509,4306 3599,4306 3688,4300 3778,4288 3868,4282 3957,4276 4047,4258 4047,4308 3957,4326 3868,4332 3778,4338 3688,4350 3599,4356 3509,4356 3420,4362 3330,4368 3241,4368 3151,4374 3062,4374 2972,4380 2883,4380 2793,4380 2704,4380 2614,4386 2524,4392 2435,4398 2345,4392 2256,4398 2166,4398 2077,4392 1987,4398 1898,4404 1808,4404 1719,4404 1629,4404 1540,4410 1450,4410 1360,4404 1271,4410 1235,4398"/>
                <Baseline points="1235,4393 1271,4405 1360,4399 1450,4405 1540,4405 1629,4399 1719,4399 1808,4399 1898,4399 1987,4393 2077,4387 2166,4393 2256,4393 2345,4387 2435,4393 2524,4387 2614,4381 2704,4375 2793,4375 2883,4375 2972,4375 3062,4369 3151,4369 3241,4363 3330,4363 3420,4357 3509,4351 3599,4351 3688,4345 3778,4333 3868,4327 3957,4321 4047,4303"/>
                <TextEquiv>
                    <Unicode>And in ye space of an hour or two,</Unicode>
                </TextEquiv>
            </TextLine>
            <TextLine id="tr_2_tl_12" custom="readingOrder {index:10;}">
                <Coords points="984,4551 1050,4551 1140,4557 1229,4557 1319,4545 1408,4545 1498,4539 1587,4527 1677,4533 1766,4533 1856,4533 1945,4533 2035,4533 2125,4533 2214,4533 2304,4527 2393,4527 2483,4527 2572,4527 2662,4521 2751,4521 2841,4521 2930,4521 3020,4515 3109,4509 3199,4509 3289,4503 3378,4503 3468,4497 3557,4491 3647,4485 3736,4479 3826,4467 3915,4467 4005,4467 4094,4449 4094,4499 4005,4517 3915,4517 3826,4517 3736,4529 3647,4535 3557,4541 3468,4547 3378,4553 3289,4553 3199,4559 3109,4559 3020,4565 2930,4571 2841,4571 2751,4571 2662,4571 2572,4577 2483,4577 2393,4577 2304,4577 2214,4583 2125,4583 2035,4583 1945,4583 1856,4583 1766,4583 1677,4583 1587,4577 1498,4589 1408,4595 1319,4595 1229,4607 1140,4607 1050,4601 984,4601"/>
                <Baseline points="984,4596 1050,4596 1140,4602 1229,4602 1319,4590 1408,4590 1498,4584 1587,4572 1677,4578 1766,4578 1856,4578 1945,4578 2035,4578 2125,4578 2214,4578 2304,4572 2393,4572 2483,4572 2572,4572 2662,4566 2751,4566 2841,4566 2930,4566 3020,4560 3109,4554 3199,4554 3289,4548 3378,4548 3468,4542 3557,4536 3647,4530 3736,4524 3826,4512 3915,4512 4005,4512 4094,4494"/>
                <TextEquiv>
                    <Unicode>it late fall a White setling like white</Unicode>
                </TextEquiv>
            </TextLine>
            <TextLine id="tr_2_tl_13" custom="readingOrder {index:11;}">
                <Coords points="1020,4718 1098,4730 1187,4730 1277,4724 1366,4724 1456,4718 1546,4706 1635,4700 1725,4688 1814,4694 1904,4700 1993,4700 2083,4700 2172,4700 2262,4694 2351,4694 2441,4700 2530,4700 2620,4700 2710,4694 2799,4694 2889,4694 2978,4688 3068,4688 3157,4682 3247,4676 3336,4670 3426,4664 3515,4664 3605,4658 3694,4652 3784,4628 3784,4678 3694,4702 3605,4708 3515,4714 3426,4714 3336,4720 3247,4726 3157,4732 3068,4738 2978,4738 2889,4744 2799,4744 2710,4744 2620,4750 2530,4750 2441,4750 2351,4744 2262,4744 2172,4750 2083,4750 1993,4750 1904,4750 1814,4744 1725,4738 1635,4750 1546,4756 1456,4768 1366,4774 1277,4774 1187,4780 1098,4780 1020,4768"/>
                <Baseline points="1020,4763 1098,4775 1187,4775 1277,4769 1366,4769 1456,4763 1546,4751 1635,4745 1725,4733 1814,4739 1904,4745 1993,4745 2083,4745 2172,4745 2262,4739 2351,4739 2441,4745 2530,4745 2620,4745 2710,4739 2799,4739 2889,4739 2978,4733 3068,4733 3157,4727 3247,4721 3336,4715 3426,4709 3515,4709 3605,4703 3694,4697 3784,4673"/>
                <TextEquiv>
                    <Unicode>flower, &amp; grows greenish at ye top.</Unicode>
                </TextEquiv>
            </TextLine>
            <TextLine id="tr_2_tl_14" custom="readingOrder {index:12;}">
                <Coords points="3557,4939 3575,4945 3665,4933 3754,4927 3844,4921 3933,4909 4023,4921 4023,4971 3933,4959 3844,4971 3754,4977 3665,4983 3575,4995 3557,4989"/>
                <Baseline points="3557,4984 3575,4990 3665,4978 3754,4972 3844,4966 3933,4954 4023,4966"/>
                <TextEquiv>
                    <Unicode>Vpon</Unicode>
                </TextEquiv>
            </TextLine>
            <TextEquiv>
                <Unicode>on it, produceth a White cloud, which va&#13;
nish after a short time.&#13;
Spirit of Nitre produceth a white&#13;
cloud which setleth to the bottome of&#13;
the Water, yet so as to be perma-&#13;
nent in ye manner of a Cloud.&#13;
The powder of a Deyers Gall, makes&#13;
it opacous &amp; white , like milk or milk&#13;
Tea.&#13;
And in ye space of an hour or two,&#13;
it late fall a White setling like white&#13;
flower, &amp; grows greenish at ye top.&#13;
Vpon</Unicode>
            </TextEquiv>
        </TextRegion>
    </Page>
</PcGts>
