4912 7360
501 677 3503 834 < 226. -1632. A pair of Chinese womens shoes of purple silk
2954 856 3754 948 red silk. S B.
507 945 1235 1061 < 226. -1633.
668 1059 3521 1270 27 C? -1634. A taper for perfuming their pagods.
3641 1059 3873 1115 143
996 1425 1214 1503 -1635
1370 1310 3951 1484 Substances remaining from Experiments of Dr. Grews made
949 1459 3939 1640 -1636 wt. the  German water sent him by his grace the Duke of
2071 1572 2608 1676 (vid mineral waters)
1450 1662 1993 1753 Newcastle.
949 1751 3927 2040 -1637. Chrysteaux de sel de soude depure from Mr. Godfroy
1551 1984 2698 2189 Junr. at Paris. apothecary.
937 2133 4005 2446 -1638. Sel de borax et d'huille de vitriol fait par chrystalliss=
949 2145 1241 2213 181.
1434 2473 1969 2587 =tion. Id.
961 2515 4011 2983 -1639. Sel tire de leau de Chaux dans laquelleon
895 2551 1217 2643 181.
1456 2754 3539 3067 a dissous le christal de tartre. Id.
1002 2951 3957 3359 -1640. Sel de soude & de christal de tartre ou sel
848 3149 1009 3203 181.
1456 3297 2560 3514 du seignette. Id.
847 3446 990 3502 181.
1008 3560 2745 3807 -1641. Le meme varie. Id.
984 3751 3832 4040 -1642. The chain of a watch or bracelett made of very
978 4055 2817 4219 fine Mocho stones. 184.
674 4121 865 4183 199.
1050 4270 3491 4475 -1643. Two Malta crosses of Cornelian. 209.
567 4473 996 4547 199 e.
978 4551 4005 4720 -1644. A gray Bondue or Nickar made into a button or a false
1522 4831 1856 4899 Ætites.
1002 4879 3694 5037 -1645. An ear pendent made of a white Cornelian.
1020 5064 3760 5251 -1646. A knife wt. which betele is shav'd in the
483 5219 901 5305 f < 245.
2238 5273 2620 5371 case
1408 5327 2107 5401 East Indies
1032 5327 1289 5389 20 L
1050 5392 3862 5663 -1647. A piece of a glasse bottle wch. had lain in mud.
1522 5601 3999 5818 in Hampshire & was of the colour of the rainbow
1074 5757 1390 5824 20 J
1528 5768 3993 6004 blew redish & yellow like gold the colours vivid
1581 5942 4053 6171 I saw one from Oxford taken up out of the Thomes
937 5989 1259 6045 216. h
1569 6121 3993 6338 From my nephew. Tis like the electrum antiq.
1617 6413 2602 6523 on glasse vessells.
1092 6592 2548 6750 -1648. Lunar caustic ? P.
596 6646 978 6738 20 m 216 b
1086 6861 2632 6988 -1649. A kind of fish hook? P.
