4912 7360
1414 1984 3999 2153 # (quand quel'qu'un de ces petits insectes les
1581 2211 4065 2338 mordent, ils se servant d'une petite main
1587 2414 3969 2535 d'ivoire ou d'autre matiere, longue d'un
1587 2635 4076 2738 pied, ont ils se frottent: il y en a toûjours
1581 2820 3999 2882 en Orient sur la toilette des femmes, & c'est
1605 3017 4011 3108 une malproprete en tout tems aux hommes
1599 3184 4017 3299 & aux femmes de se gratter avec la main.)
1569 3423 3814 3544 Chardin Voy en Perse tom 2. Page 442.
