4912 7360
877 635 3927 822 186 -1650. A gray Chinese pebble on which is impressed
3718 826 3939 900 144
1653 826 3659 942 or graved a Bufalo from  Mr. Bell.
3098 999 3939 1073 a woman & 2
961 1101 1474 1216 186 -1651.
1760 1214 2632 1312 children. Id.
3139 1268 3850 1371 a man. Id.
1014 1435 1480 1521 186 -1652.
1134 1459 3969 1748 -1653. Severall imbossed designs taken of upon white
1110 1698 3121 1915 19. e. paper by Mr. Graham Junr.
889 2032 1301 2088 216. a
1158 2038 3921 2273 -1654. An ivory instrument for scratching or removing
990 2259 3981 2446 163. 199. e. vermine in the East Indies from the bay of Bengale.
1205 2462 3993 2661 -1655. A girdle made of Porcupins quills died red & black
1568 2486 1667 2546 #
1647 2641 3509 2828 from Carolina made by the Indians.
734 2694 1050 2768 F. ✓ 245.
1110 2730 1486 2786 19 J.
567 2891 4029 3091 245 -1656. A pair of Garters made of the same & Buffalos hair
1152 3172 1456 3246 19 J.
561 3190 1092 3258 k. < &c
1599 3190 2375 3264 from the same.
1199 3333 3796 3514 -1657. An old spurr worn abt. the reign of
1593 3572 3951 3735 K. Charles the first given me by Mr. Lascelles.
847 3602 1158 3670 245.
1134 3823 3927 3998 -1658. Leaves or tops of the Kali of wch. near Malaga
1444 4079 2626 4177 is made the Barilla.
1140 4240 2996 4422 -1659. Barilla of a dark colour.
2292 4449 3038 4577 Light colour.
1146 4593 1468 4678 -1660.
1163 4610 3885 4869 -1661. Hard sope of a marbled red & white colour.
2333 4861 3139 5007 white colour.
859 5046 4011 5371 245. -1663 A lackered yellowish & red bow made of nerves
1187 5052 1510 5120 -1662.
1587 5267 4011 5472 taken from the pyrates of Angria on the coast
1635 5464 3873 5639 of Malabar near Bombay by the English.
1671 5679 2035 5759 English
829 5679 3939 5902 245. -1664. An cloath quiver full of arrows taken by the
2998 5766 3088 5819 a
1647 5840 3563 6004 same from Mr. Kenly the surgeon.
781 6031 4041 6254 245. -1665. A large green & white bead made of a composition
1641 6210 3360 6386 of glasse from the Abbe Sterbini.
1080 6330 1319 6397 30
901 6419 4053 6642 30 -1666. A sort of glasse of severall colours wt. some venturini or philosopher
1922 6622 2936 6732 stone glasse in spotts. P
853 6801 4076 6923 20 m -1667. Chrystall form'd into an ovall form for furniture for horses
1808 6956 3324 7042 calld by some naturall pearl. Id.
