4912 7360
483 623 2704 858 -1668 A tobaco pipe bole of red clay. Pet.
3772 772 3951 834 145
1957 814 3229 882 white clay. Rochester. P.
477 927 1044 1079 -1669.
489 1107 2799 1324 21 R -1670. A ladies picture done on copper. Id.
633 1330 927 1411 216 a
734 1351 3963 1527 -1671. A piece of Chinese money called peties strung upon pack
3569 1524 3868 1604 Pet.-
1349 1554 2817 1730 thread of the value each of
682 1690 816 1795 X
772 1762 1106 1831 216 a
1355 1829 2513 1939 Gaz. n. tab 76 fig 12 p.
549 2032 3957 2165 245. -1672. A Javelin from Malacca used by the Inhabitants to stabb
1337 2223 3933 2350 their enemies near them & to th row them at
1325 2420 3193 2559 distance as a dart. from Mr. Newman.
2859 2521 3312 2649 like glasse
907 2605 4005 2846 -1673. A Shining scaly dark red substance used by the Chinese
1522 2891 3862 3061 in their manufactures given me by Mr. Collinson.
961 3076 3850 3341 -1674. A knife & fork renderd magneticall by the
1456 3244 3987 3485 lighting & thunder wch. fell on a warehouse.
972 3429 1265 3485 20 L
3271 3452 3963 3514 in Yorkshire
1486 3470 2721 3676 where they lay at
978 3590 1343 3658 216. a
1516 3620 3527 3837 concerning wch. See phil. transact. No.
1557 3811 2960 4004 given to me by Dr. Dodd.
596 4061 3826 4344 < 214. f -1675. A large Goa stone left me for a legacy by Mrs.
1569 4396 2113 4493 Marshall.
978 4437 1217 4493 27 C
823 4503 4029 4732 20 J -1676. A large glasse bead made in imitation of an agat
968 4748 1211 4802 216. a
871 4831 2918 5019 -1677. Sevll. coloured glasse bugles. P.
853 5094 2148 5198 216. a -1678. Saphir past. P.
2046 5272 2222 5339 P.
877 5297 1796 5359 216. a -1679. Topaz.
734 5428 1969 5538 20 J 216. a -1680. Amethyst
2097 5454 2284 5535 P.
2101 5625 2298 5675 P.
871 5631 1993 5717 216. a -1681. Emerald
2065 5792 2339 5854 P.
925 5810 1993 5950 216. a -1682. Opale
1140 5989 3993 6093 -1683. Part of a white marble bason which was to receive the
871 6073 1098 6141 216. a
1492 6145 4011 6224 Bath water under the pump, which being by accident
1217 6288 4065 6374 99 broken was found by the heat or virtue of the waters
1510 6437 3300 6517 made very friable given me by  Mr. Nash.
1146 6556 1802 6624 1683. Granat  past.
1128 6694 4082 6774 -1684. Mimus quidem Sinensis podum fulero nictis, quod, quidem fulcrum
1128 6825 3993 6965 26 ad instar bufonis fabrefactum est, ex aere. From Mr. Sainthill
1737 6921 2023 6982 Chinese fig.
