4912 7360
990 677 3993 763 -1685. The oil from the seeds of ricinus used for purging in
1420 832 2811 942 the W. Indies. Form Dr. Massey.
3820 904 3987 954 146
984 922 1205 989 181.
2881 984 2984 1049 Idol
1002 1095 4029 1246 -1686. An image of a heathen pagod found in a cave at-
614 1226 907 1294 242.
1474 1292 4029 1377 Guanaboa. supposed to have been sevll. hundred years
1557 1441 4029 1556 buried in that place. from Jamaica from the Revd.
1623 1644 2041 1730 Mr. Scott.
2960 1650 3491 1736 mud earth or
1092 1763 4023 1849 -1687 A piece of a glasse botle by lying in water covered wt. the
1641 1942 3611 2034 electrum or shining sulphureous vapours.
1068 2074 3969 2171 -1688. Pieces of red mosaick work tessere  taken up from
1617 2229 3987 2356 a pavemt in little St. Helens near Bishops -
1760 2396 3109 2506 gate from  Mr. Maitland.
1092 2659 4023 2804 -1689. A cistern of earthen ware painted in Italy wt. Sevll. figures
662 2772 972 2852 ✓ 246.
1110 2861 4070 3001 23: c. by Puenas 1554. From Abbe Sterbinis collection. markd
1766 2981 3891 3126 F.G. yellow blew & white wt. some Green A.W.F.
495 3184 3575 3365 ✓ 246. -1690. A Double handed Ewer wt. Sevll figures. Id.
1146 3339 1462 3407 23 b
775 3423 4065 3616 < 246. -1691. A Single handed cann wt. a hole at bottom to receive
1593 3596 4065 3711 the liquor in it by a pipe conveyed to the fore
1152 3637 1456 3699 23 b
1623 3781 4023 3867 part of the top. Id. painted by the same, Broken
877 3966 3474 4141 23 b -1692. A small bason painted by the same. Id.
925 4199 1247 4272 ✓ 183
847 4294 4076 4416 -1693. Eleven chocolate cups of various shapes & designs.
789 4384 1039 4446 249
1211 4461 1438 4523 23.
1695 4473 2542 4529 Some broken. Id.
661 4557 1029 4653 ✓ 183
1175 4664 4053 4750 -1694. A box for tea made of a spotted wood from the Molucco
1181 4801 1384 4869 26.
1540 4855 4065 4935 Islands made in China & fill'd wt. three tutenage
1014 4921 1343 4989 ✓ 226
1563 5016 4011 5138 canisters full of 1. Ling-ci-sing. a stomachic. 2. Luvy
1599 5154 3480 5257 lue a cordiall. 3. ball tea a stomachic.
1110 5184 1390 5245 XX
1629 5255 2286 5311 from Mr. Bell.
1193 5380 4082 5520 -1695. A China bason yellow & red made of flints carried from
787 5458 1098 5520 ✓ 246.
1551 5613 2059 5669 England.
1265 5774 4076 5932 -1696. Two jarrs of the same. Id. A kind of glasse semi
775 5804 1122 5890 23 a
1623 5936 2256 6009 diaphonous.
901 5989 1068 6045 ✓ 183
1259 6007 4011 6153 -1697. Four chocolate cups of the same. One of wch : was
3199 6103 3497 6159 stole
871 6210 1098 6272 ✓ 183
1289 6252 4100 6362 -1698. Four China basons of a dark brown colour waved wt. white
883 6324 1092 6386 200.
1731 6437 2715 6511 lines. From the same.
925 6461 1140 6517 183
1337 6580 3844 6684 -1699. A pair of steel spurrs used in Tilts or turnaments
949 6610 1235 6690 245
1563 6730 2035 6791 One of the
1325 6825 4124 6911 -1700. A yellow purses wch. was filled wt. money & given to
1504 6968 4136 7060 the seamen cast away on the coast of China by the Emperr in Charity.
