4912 7360
614 647 3587 816 24 -1701. A small China pencill for writing. from Mr. Bell.
3802 730 3951 786 147
714 827 979 910 199. c
549 904 4106 1109 e 226. -1702. The bottom of a large glasse bottle covered wt. a sulphur=
984 1071 4082 1204 20. J. =eous steam like armature or electrum found under
1396 1226 3312 1306 my terras walk in Bloomsbury Square.
656 1453 4041 1628 226. -1703. A yellow purse wt. Chinese characters given full of money
1056 1668 1295 1724 24
1480 1668 3963 1748 to one of the sailers cast away on the coast of -
794 1670 959 1744 e
1534 1853 3145 1944 China by the Emperors order.
590 1984 3951 2249 ✓ 246. -1704. A very large Japan Earthen bason wt. yellow &
1629 2175 3635 2332 blew marks & figures. very ancient.
1062 2235 1384 2303 23. c
943 2366 4023 2529 -1705. An ancient very heavy earthen China Jarr covered
543 2503 901 2595 ✓ 246.
1546 2539 2883 2703 wt. green varnish. S. B.
1050 2599 1277 2661 23. c
996 2772 4065 2888 -1706. The head of a statue after death? began given to me
1402 2933 3999 3061 by the Duke of Buclugh found in a wall near his
1474 3082 4065 3270 Graces house near Kings Langley in Hertfordsh.
978 3339 4035 3496 -1707. A very large Coconutt finely carvd from the East Indies
955 3566 2238 3670 199 d from Dr. Waldo.
1020 3703 3814 3843 -1708. The so much fam'd Hypo drops &c. vid. the bell.
875 3858 1049 3926 181.
1056 3942 3915 4052 -1709. Sealing wax of a golden. colour from Italy by Mr.
949 4133 2429 4219 Green. a rosin?
734 4246 4029 4493 ✓ 216. -1710. A Chinese figure recumbent of Mr. Gilbert done from
1659 4443 2984 4607 the life in China earth.
1158 4634 4088 4750 -1711. A glasse particoloured bead for a pater noster found
877 4772 3277 4905 216. b. 19 k. in the ploughed fields in Sheppey.
686 4963 4029 5114 245. -1712. A Sword scabbard from Japan? made of a serpents skin wt.
1498 5184 3360 5269 characters? upon it. from Mr. Fuller.
692 5333 961 5407 A.W.F.
770 5385 1057 5466 1853.
1057 5339 4023 5436 -1713. A boat cup of Rhinoceros horn as transparent as tortoise
2823 5476 3187 5556 L. 6in.
1593 5512 2721 5621 shell? proably Indian.
895 5703 1957 5818 -1714. A smaller.
931 5840 2095 5998 -1715. One round.
2208 5989 2393 6045 old.
901 6127 1126 6201 200
1126 6013 4041 6206 -1716. A black earthen Japan saucer enameld wt. figures
1671 6228 3599 6326 & birds. given me by  Mr. Ranby. old.
943 6431 1194 6493 200
1194 6413 1945 6493 -1717. Another.
925 6473 4082 6726 -1718. A white old China cup enameld wt. gold colourd figures. Id
620 6694 841 6774 < 183
1158 6759 1945 6851 -1719. Another.
874 6813 1115 6888 200
805 6903 3987 7012 19 f -1720. A card of sleeve glasse buttons made in imitation of shells.
