4912 7360
596 695 4023 864 238. -1721. A very large shield from fort St. George in the
1110 904 4082 1007 East Indies by Mr Governr. Yale. made of an Elephant or rhinoc
1551 1035 2041 1097 eros hide.
602 1083 4029 1282 226. -1722. A fan or umbrella made of the leaf of the
3784 1214 3975 1276 148
1402 1345 1886 1401 Lantor.
656 1363 823 1431 ✓ 13
990 1501 3975 1670 -1723. A knife wt. a scabbard & haft made of the bone of
1474 1715 3973 1843 wt. a loop in the scabbard to hang by the girdle.
972 1799 1187 1855 25
777 1822 965 1969 A.W.F.
1108 1841 1424 1919 199. C
867 1881 1042 1998 1854.
1492 1889 2984 2046 from China. S. B L. 9 3/4.in
3516 2091 3693 2150 X
1068 2247 3957 2374 -1724. Artificiall butterflies made of silk the wings
1522 2438 3957 2559 painted & antennae pearl sett on wire with.
1522 2635 3897 2762 a flower in the midle from Mr. Muhleman.
1062 2670 1313 2732 201
1134 2903 3903 3150 -1725. Tobacco rolled up to be smoakd wt. out the
632 3112 996 3186 245.
1587 3130 3205 3323 help of a pipe. Dr. Massy.
1104 3261 1372 3323 25 ?
615 3279 684 3332 <
1110 3500 4005 3676 -1726. A triangle cutt in Chrystall glasse said to be used as
1581 3721 3509 3878 a shew stone or conjuring instrument.
525 3888 4076 4153 O. 245. -1727. A candle & piece of soap made of the myrtle
1766 4139 4053 4296 wax berries. from New England by  Mr. Wynthorp.
1046 4257 1145 4311 ✓
531 4330 4029 4541 O. 245. -1728. An Indian breast plate which they wear when they go to
1044 4479 4023 4666 28 b? warr or at any great feast, made of shells out of the up
1402 4646 4029 4780 Country freshwater lakes, with the collar consisting of the
2673 4719 3025 4786 blue ones
1384 4760 4011 4953 & white shells where of four make a penny & six white
901 4778 1277 4834 199. e.
1390 4921 4011 5102 ones, they drill the holes with the point of a sharp flint
1432 5040 3444 5245 & work them round on a fine gritty stone Id.
537 5160 3975 5413 O. 245. -1729. An Indian spoon & bowl , made of the knot of a tree which they
1468 5339 4023 5562 burn hollow & then smooth & polish wt. a sharp flint & then
1480 5488 4005 5693 soak it in their minerall springs to dye it. Out of this they
955 5548 1277 5610 19. O.
1516 5619 4017 5830 eat their suckatash, which is venison, fish & Indian corn
616 5759 689 5811 ✓
1522 5816 2351 5962 boild together. Id.
549 5864 4053 6123 O. 245. -1730. An Indian spoon made of the breast bone of a An Indian spoon made of the breast bone of a pinguin made anno
1450 6007 4076 6266 1702. made by Papenau an Indian whose squaw had both her leggs gan=
616 6141 691 6196 ✓
1432 6151 4035 6392 =grened & rotted off to her knees & was cured by bathing in balsam water
1486 6276 4053 6523 made by Winthrop Esqr. N. England. The method was thus, He ordered two ox
1474 6413 4041 6678 bladders to be filled wt. his rare balsamic liquor made warm & the
1086 6431 1277 6493 28 b
1540 6562 4070 6774 stumps putt into the bladders & tyed above the knees the bladders wt. the
1534 6718 3999 6893 water was kept constantly blood warm & the leggs were perfectly
1569 6861 2805 7000 cured in a few days time. Id.
