4912 7360
459 641 3742 882 -1731. A piece of pewter with stranger flashes left upon it, half
3760 707 4029 763 melted
1235 808 4076 960 by lightening & a piece of the shelfe it stood on shalterd but
1265 939 4029 1121 not burnt, wt. a belemnites found two feet deep in the
1265 1107 4041 1282 ground underneath; The earth was black round the hole
1271 1268 4041 1467 & had a strong sulphureous smell, & the smoak continued
1277 1405 4035 1652 1/2 an hour after in the room tho a nothing was sett on fire
1289 1578 3103 1813 From  Mr. Winthorp from New England.
3790 1584 3939 1640 149
489 1727 3730 2046 -1732. A bundle of Indian candles or splinters of pitch tree. Id.
967 1924 3951 2245 -1733. An Indian box made of the bark of the birch tree by the Indians
996 2038 1146 2112 ✓ 20 H
1295 2151 3038 2392 & dyed by the spaw water springs. Id.
692 2462 4023 2643 300. -1734. A fountain wt. rocks made of China earth &c. given me by Mr. Roberts.
1020 2617 4011 2780 -1735. A fine large Indian basket made by an Indian Queen by
1438 2784 3032 3007 Mr. Winthorpe from N. England.
1003 2987 3975 3235 -1736. A fishing line made of the wild Indian hemp , wt.
573 3046 655 3098 ✓
1301 3166 3999 3377 shank bone of a fawn which serves both as hook &
925 3321 1199 3401 19 P.
1307 3387 3969 3574 bait, the fish  biting at it & swallowing it down.
1930 3625 2163 3700 S B
1372 3661 1540 3723 Id.
853 3843 1536 3908 25 -1737. A
1935 3727 3832 3867 --- made of gold beaters skin? from
1796 3733 2005 3795 ( Purse ? )
1492 3996 1999 4064 Holland.
972 4002 1325 4058 216 n
1058 4085 4005 4288 -1738. An Indian mattump or braided stray wt. wch. they tye their
1599 4258 4011 4410 children to the bark of a tree as soon as born from
632 4331 685 4385 <
1102 4332 1184 4389 ✓
1169 4419 1313 4481 20 H
1623 4443 3127 4595 Mr. Winthorp from New England.
531 4599 3850 4798 O. 245. -1739. An Indian Calumet or stone pipe of peace. Id. (red?)
1068 4843 4005 4971 -1740. Glue made of dears horns & fishes sounds by the Indians
1050 5004 4035 5096 < 19 m in America to glue the feathers into their arrows. Id.
1046 5213 4005 5305 -1741. A square piece of shell worn as an ornament by the
984 5351 1307 5430 28 b.
1528 5380 3999 5460 Indians & formerly current as 3 shillings in money
1522 5530 2829 5621 among the Indians. Id.
1044 5673 4070 5813 -1742. Money worth 2d. a piece made of the paquahaguer shell Id.
1993 5846 2757 5938 6d. a piece. Id.
1074 5894 1528 5986 -1743.
1981 6031 2733 6135 1sh. a piece. Id.
1075 6109 1378 6177 -1744.
1969 6216 2507 6314 purple. Id.
1066 6294 1384 6356 -1745.
2596 6294 2883 6356 called
1056 6419 3623 6511 -1746. Six worth one penny white Wampampeage. Id.
1020 6580 4011 6732 -1747. Four worth one penny blue called Wampampeage. Id.
686 6730 3951 6923 C 245. -1748. A Turkish tobacco pipe made of a cane & earthen bole sold for
1546 6915 2775 7000 lesse then a penny in Turky.
