4912 7360
1146 725 3987 840 -1749. A ribd vessell or large bason made of a yellow
1563 922 3981 1031 & brown speckled wood wch. when putt into hott
1569 1118 4017 1228 water grows so pliable as to be turn'd outside
901 1172 1211 1228 238
3802 1220 3951 1270 150
1617 1345 2530 1449 in. Given me by
3163 1351 3975 1413 from Petersburg.
2181 1481 2337 1537 Idol
1065 1608 3981 1706 -1750. An Indian God of the Inhabitants abt. Hudsons bay
793 1799 4023 1980 S. B. 28. C. 'tis made of part of a solid fish bone on which
1546 1978 4005 2082 is carv'd at the upper end the face of a man.
1534 2205 4005 2327 It hath a seal skin strap fastened in 2 holes to hang
848 2285 1287 2415 XX
1551 2408 3635 2518 it as an amulet given to the by Dr. Massey.
710 2581 3975 2780 239. -1751. An Indian lance made of fish bones headed wt. iron
1534 2772 3981 2983 to kill whales or large fish. The head of the lance
1546 3017 3981 3216 is fastened to a long thong of whales skin with
1569 3267 3671 3479 which they are brought on shore. Id.
1163 3512 3999 3873 -1752. An Indian habit made of Deer & other skins
740 3840 1110 3914 239.
1551 3918 2405 4028 from the same.
525 4037 3575 4308 m. 244 l. -1753. A round piece of glasse black & white waved.
770 4318 3545 4571 220. -1754. A boy cutt in wood from China. Chin. fig.
3545 4432 3701 4495 X
543 4628 3539 4768 m. 244. l. -1755. A snuff box made of Kennell coal or Jett.
1259 4790 3993 4941 -1756. Peas rould in a solution of verdigrease to make issues run.
734 4975 1175 5042 changed to
716 5070 1211 5138 -ms: or: 121.
1211 5040 3933 5132 -1757. Malabar writings on palm leaves from Mr. Hodson.
590 5201 3850 5335 i 245. -1758. A pencill used by the house painters in China Id.
1057 5380 3682 5537 24 -1759. Pencills for writing or other painting. Id.
3810 5492 3849 5544 in
1020 5530 3838 5735 -1760. A large Chinese compasse. Id. X S. B D. 8 1/4
666 5591 815 5687 A.W.F.
847 5664 933 5717 25
716 5667 967 5723 1853.
2590 5667 2924 5741 & high
1295 5721 3957 5926 -1761. The modell of the porcellan towers in China carvd in
1623 5882 3963 6057 ivory there wt. in each floor of wch. are the figures
1629 6061 3951 6242 of the Goddesse sloath arved. It is adorned with
1229 6204 1408 6260 199
1641 6234 4035 6421 Chains bells & other ornaments cutt in ivory out
1653 6419 4076 6583 of whole pieces. They serve for beacons being built
1617 6694 3903 6780 to give alarms of dangers in times of danger
1593 6891 2518 7000 from Mr. Hodgson
