4912 7360
477 701 2441 912 g. 244. -1762. A necklace made of Jett.
793 868 1110 966 26 Cab.
972 904 3975 1097 -1763. A poysoned arrow from the river Gambia from Job the
3838 1089 4023 1139 151
573 1107 835 1163 245.
1295 1136 2071 1258 son of Solomon.
972 1345 2811 1556 -1764. A tobacco pipe from the same
477 1554 3963 1867 g. 244. -1765. An head or bowl of another tobacco pipe from the same
949 1841 1223 1927 26. Cab.
967 1841 3127 2052 -1766. A ball of their tobacco from the same.
1020 2032 3259 2273 -1767. Suffimentum sinicum from  Dr. Amann.
483 2068 949 2135 g. 244.
1020 2085 1355 2153 26 Cab.
972 2318 3999 2482 -1768. The habit of the inhabitants of Kamcatchki of furrs
537 2330 937 2404 < 245 19 f
2561 2464 2731 2527 Captn
1492 2569 3987 2709 & needlework from Mr. Jenkins from Peterburg.
1468 2748 3092 2840 coat, britches, shoes & stockings.
549 3047 2405 3132 g. 244. -1769. One of Wards pills.
1038 3094 4029 3401 -1770. A glove from Kamcatchki by Mr. Jenkins from Petersburg.
984 3160 1456 3222 26 Cab.
1044 3333 4070 3723 -1771. A linen Cap stitchd neatly wt. different coloured silks from
1534 3584 2984 3920 the inland parts of Russia. Id.
620 3697 961 3777 < 226
1128 3757 4076 4123 -1772. Cloath made of China paper wove in which are represented
1152 3793 1384 3873 19 X.
1140 3972 3366 4332 199. a trees birds &c some coloured given me by
841 4097 1026 4171 24
835 4342 4070 4589 21 R. -1773. Broken pieces of the Chinese Mandarine in China Earth.
1134 4664 4047 4828 -1774. Glasse or chrystalline pebbles mixd amongst the diamond
1396 4873 2853 5019 dust or Bort to cheat people.
1146 5100 4023 5222 -1775. A white & black pebble cutt into the form of a quadruped
1224 5282 1427 5353 27.
1026 5378 1231 5430 172
1521 5303 2996 5395 from Monsserrat by Mr. Clerk.
1026 5530 3879 5663 31. -1776. A chrystall pendant cutt into the form of a heart.
2351 5638 2467 5696 Idol
1074 5757 3175 5890 -1777. An East India God made in Gold.
781 5924 996 5980 199
1163 5948 4029 6087 -1778. Queen Elizabeths picture in Gold enamell'd round
1563 6079 4076 6242 from a medall of her adornd./ Ditior in toto non alter circulus
1868 6168 4082 6338 orbe is round the medall but cutt into enameld ornaments in this gold pict.
1185 6324 4082 6427 -1779. shoes made & worn by the Indians at Campeche from Mr. Laurie
787 6521 4112 6648 245. -1780. A pott of fine red earthen ware made by the Indians
1683 6664 4094 6762 by Campeche in the inland path for cooling water
1838 6801 2698 6875 from Mr. Laurie
656 6861 1068 6971 < 245.
1202 6932 3229 7030 -1781. Another some what different Id.
