4912 7360
573 742 4112 876 g. 244. -1782. A sort of torch or link made of resina ride for lighting
650 927 1534 1030 C. < 26 cab.
1617 933 4047 1067 upon all occasions the Indians in North America
3873 1142 4053 1204 152
1611 1184 3438 1300 given to me by  Mr. Philipp Miller.
1125 1309 1321 1383 X
2099 1382 2469 1449 of oak
2936 1393 3127 1449 deep
668 1471 4088 1640 245. -1783. A shovell head found 36 foot deep in an old Roman lead
1605 1632 4029 1807 mine in wales. It had a long shaft or handle
1617 1906 4076 2034 that was join'd to it by going into a hole & fastened at
1617 2062 3975 2261 its short & broad end from Mr. Mason. (see 204-6.)
943 2330 4053 2553 199. -1784. A large cup of one piece of yellow amber from Mr. Cotteret.
1122 2527 4088 2720 -1785. A thermometer of a new invention from Mr. Reaumar.
1146 2754 3975 2929 -1786. Some cinders from a hay rick fir'd by lightening
2969 2888 3030 2940 vid
1563 2909 3342 3055 from France by Mr. Seguiver. vitrification
1181 3053 4011 3258 -1787. A Lapland sledge wt. the bridle & trappings for the Rene
1540 3202 3975 3407 deer. the habit of furrs viz. coat, stockings & shoes &
1587 3315 3999 3574 gloves, wt. the belt purse wherein is steel & flint wt.
2431 3335 2595 3398 cap.
1641 3476 4005 3747 some tobacco & a spoon, as also a knife hanging to
1850 3584 3891 3855 it vid. Le Bruns Muscovy. (from Mr. Grubb, a Swede.
1193 3846 2584 3974 -1788. The snow shoe. Idem
829 3918 1110 3986 239
841 4037 2548 4243 239 -1789. Another different. Id.
1247 4139 3933 4374 -1790 A pole to stop their running in a descent &c. Id.
704 4324 4076 4601 C 245. -1791. The Lapland drum wt. its hammer & other appurten
1671 4551 2501 4690 =ances. Id. S. B.
925 4688 4035 4923 < 226. -1792. An  East India Wastcoat made of the tree like the
1725 4897 2751 5025 Lagetto. From Mr. Cox.
901 5010 4011 5192 226. -1799. A Hatt made of canes of Sev.ll colours to be lin'd
1707 5237 2327 5341 wt. Silk. Id.
1295 5357 3939 5484 -1794. A Chinese brick from a ruin'd temple at Emuy.
2220 5488 2912 5568 from Dr. Massy.
1301 5619 4011 5711 -1795 some candles perfum'd to be burnt there befor their
1784 5774 3145 5878 Idols cinnamon colour Id.
1313 5930 4017 6081 -1796. A bullet used by the runaway negros in Jamaica
1784 6127 3969 6218 made of the pewter dishes & lead in a thimble
1844 6282 4076 6374 When there is too much tinn they break in pieces
1862 6437 3420 6505 on being shott. Mr. Barham.
1032 6604 4118 6684 199. -1797. Instruments of the Crucifixion of our saviour in wax
1928 6676 2608 6738 in a Phial. Square - Bottle.
1701 6789 2948 6875 work &c. done in Spaine
1355 6897 4112 7036 -1798. Part of a Hayrick burnt in France & lighting from Mr. Seguier.
